3250 4974
524 458 686 499 PRAEFATIO
704 458 802 498 Novas
821 458 968 499 EDITIONIS
1179 465 1264 508 XXIII

232 622 418 687 dationibus
432 620 662 684 adhibitistam
677 619 882 704 superiorum
898 618 1094 698 criticorum,
1108 618 1262 697 Turnebi,

231 745 271 806 R.
289 743 455 826 Stephani,
474 741 612 805 aliorum
632 742 781 825 (quarum
801 741 982 804 nonnullae
1003 741 1101 824 plane
1117 740 1264 824 egregiae

232 876 303 927 tum
325 864 492 948 ignoratae
508 873 565 926 aut
584 871 789 946 contemptae
811 861 971 944 iacebant)
991 883 1089 944 quam
1104 861 1265 925 recentio-

157 1012 160 1020 ·
232 1007 313 1063 rum,
337 983 499 1068 Maduigii
521 983 680 1068 inprimis,
705 983 786 1046 meis
802 1004 931 1065 quoque
951 982 1076 1064 aliquot
1096 981 1264 1045 coniectu-

231 1105 274 1168 ris
296 1105 333 1168 in
355 1114 449 1180 textu
471 1103 591 1188 positis,
617 1104 781 1184 constitui,
804 1104 884 1166 talia
905 1125 997 1166 nunc
1020 1102 1173 1166 uniuerse
1194 1125 1262 1166 ser-

233 1226 342 1289 uanda
365 1225 452 1304 duxi,
477 1225 591 1309 paucis
613 1224 760 1287 mutatis:
791 1247 867 1286 nam
894 1223 1138 1287 emendationes
1161 1233 1263 1288 certas

231 1316 410 1430 perpaucas
432 1345 565 1409 interim
587 1346 728 1430 prolatas
750 1345 833 1423 uidi,
856 1346 928 1408 Em.
945 1344 1139 1407 Hoffmanni
1161 1367 1263 1407 unam

236 1467 276 1550 (p.
298 1474 365 1546 118,
375 1469 417 1549 4),
440 1467 518 1530 ibem
535 1488 635 1529 unam
650 1465 812 1550 Maduigii
831 1465 872 1550 (p.
892 1473 960 1544 151,
972 1467 1000 1550 7)
1021 1475 1053 1529 et
1067 1466 1264 1529 Mommseni

237 1589 277 1673 (p.
297 1595 365 1668 168,
385 1589 435 1672 9),
456 1587 527 1671 ipsc
550 1608 671 1671 paucas
694 1585 799 1650 adieci
821 1587 860 1650 de
876 1585 999 1650 leuiore
1022 1608 1141 1670 genere
1168 1587 1215 1670 (ut
1229 1610 1261 1671 p.

233 1717 281 1788 48,
300 1716 328 1771 2.
347 1710 393 1793 5),
421 1708 521 1792 paulo
549 1707 645 1792 plura
674 1716 839 1791 temptans
858 1708 895 1770 in
923 1707 1132 1772 adnotatione
1160 1708 1264 1791 (uelut

231 1852 262 1913 p.
284 1837 357 1908 1443
385 1836 453 1908 156,
472 1831 522 1912 2];
546 1827 582 1890 in
605 1850 707 1911 eaque
730 1827 829 1891 etiam
852 1828 892 1890 ab
908 1827 980 1892 aliis
995 1851 1101 1913 nuper
1115 1827 1261 1908 inuenta,

231 1972 314 2033 quac
327 1950 460 2034 quidem
470 1950 571 2034 probe
584 1949 766 2033 excogitata
776 1971 838 2012 nec
855 1949 1113 2013 consideratione
1128 1949 1265 2036 indigna

232 2071 423 2135 uiderentur
449 2080 507 2134 aut
540 2079 627 2133 certe
655 2071 784 2133 doctam
812 2070 1050 2134 dubitationem
1081 2081 1261 2151 mouerent,

231 2191 425 2270 memoraui;
454 2212 647 2255 conuertere
670 2200 780 2253 autem
803 2212 1028 2273 quaecumque
1051 2213 1070 2253 a
1093 2191 1264 2275 quibusuis

231 2323 288 2376 aut
310 2323 385 2377 ante
409 2323 466 2376 aut
487 2311 539 2376 his
561 2310 718 2396 proximis
739 2311 834 2374 annis
850 2309 997 2374 coniecta
1012 2321 1090 2374 sunt
1104 2333 1192 2374 uana
1208 2322 1265 2375 aut

230 2433 342 2517 inepta
363 2455 406 2496 ne
426 2441 519 2496 'nunc
542 2433 675 2516 quidem
690 2431 797 2510 uolui,
822 2431 983 2515 quidquid
1004 2431 1186 2495 irascentur
1213 2442 1264 2495 ta-

232 2555 383 2637 lioneque
413 2553 614 2617 ulciscentur
637 2554 694 2636 qui
722 2575 780 2616 sua
809 2563 994 2616 commenta
1019 2552 1128 2616 futilia
1154 2562 1262 2637 spreta

233 2685 265 2739 et
286 2675 459 2759 praeterita
481 2673 677 2758 intelligent.
708 2673 793 2736 illud
815 2673 867 2758 egi
889 2673 1079 2753 studiosius,
1106 2674 1263 2758 quemad-

231 2797 366 2860 modum
388 2795 424 2858 in
447 2795 612 2880 superiore
633 2794 785 2873 editione,
805 2803 843 2857 ut
865 2794 893 2857 si
914 2793 994 2877 quid
1016 2816 1145 2878 possem
1167 2817 1264 2880 argu-

232 2917 350 2980 mentis
372 2927 405 2980 et
427 2915 585 2999 exemplis
601 2915 745 2979 collectis
761 2937 837 2978 cum
852 2915 1013 2980 breuitate
1029 2926 1086 2979 aut
1102 2938 1175 2980 mea
1198 2926 1263 2979 sta-

230 3037 359 3101 bilirem
383 3047 440 3100 aut
461 3037 691 3122 redarguerem
713 3036 831 3115 aliena,
857 3035 1038 3120 potioribus
1061 3038 1102 3100 ab
1118 3036 1164 3100 eis
1179 3057 1262 3118 quae

229 3159 320 3242 prius
342 3157 534 3242 scripseram
556 3179 718 3221 uncorum
734 3180 796 3221 usu
811 3156 1000 3242 segregatis:
1023 3158 1086 3220 hac
1103 3156 1192 3220 enim
1207 3157 1263 3219 uia

230 3279 348 3342 melius
362 3301 455 3363 posse
471 3278 518 3342 rei
532 3278 675 3363 prospici
686 3277 769 3341 mibi
783 3278 929 3362 persuasi
942 3301 1041 3362 quam
1051 3277 1150 3341 meris
1161 3278 1263 3362 scrip-

228 3399 311 3462 turis
335 3398 654 3481 correctionibusque
684 3399 890 3463 enumeratis.
926 3421 1125 3482 quamquam
1153 3409 1264 3463 autem

228 3519 390 3585 nonnulla
411 3529 504 3604 parte
525 3519 625 3582 huius
647 3519 723 3583 libri
745 3519 985 3583 restitutionem
1008 3530 1041 3584 et
1068 3521 1263 3605 interpreta-

230 3641 354 3704 tionem
377 3639 542 3703 adiuuissc
564 3639 647 3702 mibi
669 3639 796 3718 uideor,
822 3651 933 3703 tamen
960 3641 1066 3704 multa
1093 3662 1145 3705 me
1174 3663 1264 3704 nunc

229 3770 268 3823 ut
289 3759 375 3839 olim,
395 3759 431 3822 in
445 3760 486 3824 iis
501 3759 599 3823 etiam
615 3781 698 3842 quae
714 3760 878 3843 explicare
894 3770 951 3824 aut
966 3762 1140 3825 emendare
1156 3772 1263 3846 temp-

229 3881 307 3960 taui,
324 3880 415 3944 irrita
431 3890 489 3944 aut
507 3880 698 3964 imperfecta
713 3880 882 3964 reliquisse
898 3882 973 3962 scio,
992 3883 1159 3965 quaedam,
1179 3904 1262 3965 quae

230 4023 328 4083 quam
350 4022 429 4064 uera
450 4001 517 4065 sint
538 4002 624 4065 iusta
647 4001 807 4066 dubitatio
830 4014 886 4080 est,
911 4003 1030 4066 necin
1054 4012 1146 4066 textu
1172 3999 1263 4065 moui

228 4143 336 4204 neque
351 4121 387 4184 in
402 4121 612 4186 adnotatione
632 4121 705 4205 (nisi
718 4123 805 4205 quod
821 4123 989 4186 doctorum
1006 4123 1179 4187 conamina
1193 4146 1262 4186 me-

227 4241 363 4327 moraui)
391 4242 492 4328 attigi,
518 4242 594 4326 quia
617 4243 698 4308 certi
720 4243 897 4327 quicquam
919 4245 1007 4308 effici
1027 4267 1120 4329 posse
1144 4244 1258 4328 despe-
