3250 4974
535 429 697 471 rmararro
715 430 813 471 novun
830 429 978 473 nonrorus
1228 441 1274 484 xv

234 589 308 660 ,duo
330 589 403 655 loca
418 588 537 671 quibus
552 589 728 653 Heinsiani
748 589 826 653 libri
847 589 1023 654 lectionem
1038 611 1079 653 ne
1095 591 1276 656 memoraui

244 709 392 793 quidem,
417 730 485 772 non
507 710 614 772 solum
636 709 835 794 improbaui,
859 710 941 773 haec
964 720 1056 789 sunt,
1080 733 1111 795 p.
1132 719 1179 790 17,
1203 720 1219 774 6
1244 722 1277 776 et

243 852 274 914 p.
293 837 342 908 34,
363 837 400 891 14
416 852 438 893 a
451 838 568 894 catara
584 830 752 907 tributum
773 855 794 895 a
815 838 932 894 natura
949 831 1034 895 data.
1064 831 1277 916 praepositio-

244 971 320 1014 nem
342 949 379 1012 in
400 949 463 1016 hac
483 950 629 1015 oratione
644 950 722 1014 addi
742 950 886 1034 potuisse
902 950 975 1035 quis
990 953 1108 1036 negat
1123 953 1179 1016 sed
1195 974 1277 1036 quo-

244 1069 335 1133 niam
349 1091 446 1134 nemo
466 1070 572 1136 nescit
587 1071 753 1135 Ciceronis
776 1093 900 1136 morem
922 1082 1099 1155 utrumque
1122 1072 1275 1156 recipere,

244 1190 344 1253 unius
359 1191 538 1255 Heinsiani
559 1191 635 1254 libri
657 1177 843 1256 testimonio
855 1191 1089 1256 Vossianorum
1105 1193 1278 1257 consensui

245 1311 448 1375 aduersantis
470 1311 506 1374 in
528 1333 566 1374 ea
588 1333 622 1374 re
645 1321 775 1375 tantum
798 1312 945 1375 dandum
973 1333 1041 1375 non
1071 1334 1139 1376 esse
1166 1313 1279 1376 existi-

245 1430 343 1510 maui,
368 1452 406 1494 eo
426 1431 535 1495 minus
551 1453 615 1515 quo
637 1431 839 1516 frequentior
861 1431 897 1495 in
918 1431 981 1494 hoc
1003 1431 1095 1510 libro,
1114 1432 1214 1495 etiam
1228 1455 1280 1497 se-

246 1573 356 1615 orsum
371 1573 391 1614 a
401 1551 577 1631 Vossiauis‚
595 1552 784 1616 correctoris
799 1551 901 1616 libido
916 1552 1119 1636 agnoscitur;
1133 1553 1191 1637 qui
1206 1554 1280 1637 qui-

247 1672 322 1735 dem
343 1672 444 1735 altero
466 1672 538 1735 loco
562 1673 606 1756 (p.
625 1675 678 1755 34)
702 1673 760 1736 ubi
782 1672 929 1756 proxime
956 1673 1132 1756 praecessit
1156 1675 1201 1755 (u.
1226 1677 1278 1758 10)

247 1815 267 1855 a
281 1799 398 1857 actara
412 1793 483 1856 dati
498 1793 570 1877 ipsa
591 1792 822 1877 aequabilitate
845 1791 965 1855 adduci
986 1804 1114 1876 poterat
1133 1804 1171 1857 ut
1184 1815 1280 1877 prae·
1338 1815 1340 1820 ·

246 1912 441 1995 positionem
474 1913 630 1978 adiiceret
653 1914 692 1976 de
715 1934 790 1991 suo;
815 1935 922 1996 neque
944 1935 1036 1976 secus
1065 1913 1280 1977 iudicandum

247 2032 380 2104 uidetur
402 2033 442 2097 de
464 2056 495 2118 p.
515 2041 563 2113 64,
583 2042 600 2096 5
624 2033 796 2117 sapientia,
823 2033 932 2116 quoius
954 2055 1059 2097 amore
1075 2029 1280 2117 philosophia

247 2174 358 2216 comere
379 2153 509 2234 inuenit,
529 2153 586 2217 ubi
601 2153 671 2238 ipse
686 2153 766 2217 olim
780 2152 1003 2216 Heinsianum
1025 2163 1156 2217 secutus
1179 2176 1277 2232 eram,

248 2295 338 2337 nunc
357 2275 460 2338 malui
479 2275 715 2340 Vossianorum
736 2273 923 2338 testimonio
945 2269 1150 2357 acquiescere
1180 2273 1229 2355 (cf.
1246 2295 1278 2356 p.

250 2401 298 2471 47,
318 2396 366 2476 3).¹
381 2395 437 2458 sed
459 2406 498 2459 ut
518 2395 646 2480 largiar,
672 2395 760 2478 quod
782 2395 918 2458 minime
942 2393 1189 2457 concedendum
1211 2415 1280 2457 esse

249 2535 330 2593 reor,
354 2515 390 2578 in
412 2516 474 2579 hac
491 2538 525 2580 re
548 2516 740 2601 ambiguum
762 2537 831 2580 esse
845 2514 1015 2594 iudicium,
1033 2525 1144 2578 tamen
1160 2535 1280 2598 quaero

250 2635 328 2718 quid
351 2659 395 2700 ex·
415 2659 453 2700 ea
474 2636 636 2721 scriptura
658 2637 778 2701 reiecta
799 2637 836 2699 in
858 2657 910 2699 me
933 2635 1195 2719 reprehensionis
1223 2631 1282 2699 aut

249 2755 285 2819 in
306 2757 506 2821 Muellerum
536 2780 576 2822 ex
606 2758 720 2822 eadem
742 2769 872 2842 recepta
893 2757 1000 2820 laudis
1022 2756 1206 2820 redundare
1228 2777 1281 2818 ar-

249 2876 377 2956 bitrere,
402 2888 440 2941 ut
461 2877 523 2942 isto
544 2878 641 2942 modo
664 2877 847 2942 dissensum
861 2900 881 2940 a
896 2899 949 2941 me
964 2900 1062 2942 suum
1077 2899 1154 2940 cum
1170 2888 1281 2941 osten·

250 2995 373 3060 tatione
393 2998 633 3081 pronuntiaret:
658 2997 712 3061 cui
729 3019 788 3083 ego
810 2998 838 3061 si
859 2998 922 3062 hoc
938 3021 1033 3083 agere
1048 2998 1170 3062 uellem
1185 2998 1281 3082 plura

251 3124 283 3178 et
305 3116 455 3199 grauiora
477 3117 617 3182 obiicere
646 3139 774 3202 possem
796 3140 880 3201 quae
907 3119 1054 3203 neglexit
1083 3128 1140 3182 aut
1163 3117 1282 3201 quibus

250 3234 372 3299 iniuria
393 3238 434 3300 ab
456 3237 639 3301 Heinsiano
663 3238 805 3303 deflexit.

314 3357 422 3422 Multo
445 3357 545 3422 etiam
566 3358 713 3442 iniquius
734 3380 864 3422 mecum
887 3358 954 3442 egit
975 3357 1143 3437 Iordanes,
1168 3379 1233 3441 quo
1249 3367 1283 3422 et

251 3474 443 3541 insolentior
469 3477 568 3541 homo
595 3490 643 3543 est
666 3490 699 3543 et
720 3478 974 3562 imprudentior:
1005 3477 1099 3540 cuius
1128 3477 1175 3541 rei
1205 3498 1282 3540 cum

251 3597 357 3660 multa
379 3606 492 3661 extent
512 3598 637 3662 indicia
659 3610 730 3662 tum
752 3599 914 3683 insignius
935 3597 1028 3676 illud,
1051 3596 1139 3680 quod
1161 3618 1214 3660 me
1236 3595 1282 3659 ri-

252 3716 293 3780 sit
316 3716 410 3795 ultro,
436 3717 514 3800 quia
535 3718 585 3782 bis
608 3718 697 3783 idem
718 3741 770 3782 me
792 3713 904 3783 ‘semel
925 3713 1069 3781 monere’
1097 3716 1282 3802 scripserim

257 3836 297 3919 (p.
317 3843 374 3898 167
393 3847 426 3901 et
440 3859 471 3921 p.
490 3839 572 3922 169),
590 3860 652 3902 nec
667 3839 752 3902 uidit
768 3860 867 3923 quam
882 3838 1041 3901 ridiculus
1057 3848 1148 3916 esset,
1166 3837 1224 3920 qui
1238 3858 1281 3900 ne

252 3956 359 4040 legere
377 3957 510 4040 quidem
523 3980 617 4042 posse
632 3957 808 4038 uideretur,
829 3980 912 4042 quae
927 3969 1038 4042 aperte
1054 3957 1174 4042 scripta
1189 3966 1282 4020 erant

252 4098 320 4141 non
342 4078 456 4142 eadem
477 4089 616 4162 utroque
631 4079 702 4142 loco
724 4079 781 4142 sed
804 4077 942 4142 diuersa.
970 4079 999 4142 is
1020 4078 1121 4163 igitur
1135 4078 1171 4141 in
1186 4078 1281 4162 Sym-

252 4197 335 4262 bolis
358 4199 399 4262 ad
420 4198 590 4264 historiam
610 4198 743 4284 linguae
773 4199 896 4263 latinae
919 4221 946 4262 a.
966 4218 1181 4263 uncccnxxnr
1212 4197 1283 4261 edi-
