3250 4974
540 437 702 480 PRAEFATIO
721 439 819 480 NOVAE
836 438 983 479 Enmoms
1219 448 1282 493 xm

246 608 351 665 autem
371 621 432 662 aon
455 619 558 661 omnes
580 599 637 661 sed
661 619 715 660 eos
738 605 859 662 tontum
882 620 961 682 quos
982 606 1039 662 aut
1060 619 1129 662 eam
1150 600 1188 663 ob
1213 622 1280 664 rem

246 741 339 804 qaam
353 719 424 783 diei
442 726 498 783 aut
520 717 593 782 aliis
616 717 709 782 certis
729 716 904 781 rationibus
923 717 1016 782 utiles
1039 741 1104 783 esse
1119 719 1206 783 duxi.
1229 721 1281 784 his

247 862 330 924 quae
358 850 431 904 tum
452 839 677 902 iudicaueram
706 860 748 902 ne
777 859 867 901 nuno
890 838 1038 921 quidem,
1070 849 1282 924 posteaquam

247 983 379 1024 omnem
405 959 506 1022 huius
535 958 612 1023 libri
641 958 821 1042 scripturae
851 958 1044 1022 uarietatem
1075 982 1134 1044 per
1163 960 1283 1024 edendi

249 1102 381 1165 operam
404 1080 512 1144 denuo
535 1078 732 1157 examinem,
756 1078 869 1157 habeo,
892 1079 979 1162 quod
1002 1090 1060 1143 aut
1082 1080 1158 1143 addi
1179 1081 1282 1145 uelim

248 1212 305 1265 aut
319 1200 415 1278 demi,
432 1221 551 1262 uerum
566 1199 612 1262 sic
627 1208 716 1283 puto,
734 1197 800 1260 iam
812 1199 962 1281 quemuis
972 1221 1065 1283 posse
1082 1222 1100 1263 e
1116 1221 1283 1264 commen-

248 1321 338 1385 tariis
360 1320 457 1397 meis,
482 1319 577 1383 modo
600 1340 642 1382 ne
665 1317 769 1382 obiter
790 1317 961 1402 inspectis,
986 1318 1049 1385 sibi
1076 1321 1279 1404 persuadere,

248 1463 301 1505 me
323 1449 410 1504 recte
434 1440 473 1503 de
497 1438 617 1503 codicis
645 1449 763 1502 natura
790 1439 998 1504 existimasse.
1024 1441 1096 1524 quis
1124 1463 1202 1506 uero
1225 1443 1283 1525 qui

249 1562 311 1625 ista
331 1559 486 1624 Muelleri
507 1558 639 1644 legerit,
665 1581 733 1623 non
756 1559 993 1643 expectauerit,
1017 1560 1053 1624 in
1076 1560 1146 1624 eius
1168 1584 1283 1626 recen-

250 1683 340 1746 sione
368 1681 533 1765 insignem
555 1679 720 1762 quandam
749 1679 927 1743 utilitatem
949 1703 990 1743 ex
1011 1680 1069 1744 illo
1092 1681 1175 1745 libro
1197 1683 1283 1766 peti-

250 1812 318 1866 tam
340 1811 450 1865 extare
466 1821 565 1884 quam
586 1821 678 1862 meus
701 1809 815 1883 stupor
835 1810 893 1863 aut
914 1800 1116 1885 negligentia
1137 1814 1283 1886 praeter-

251 1921 395 1986 miserit?
411 1922 519 1984 deme
539 1941 673 2004 possum
692 1941 769 1982 uere
792 1919 895 1998 fateri,
913 1942 966 1984 me
989 1943 1031 1984 ne
1054 1924 1195 1986 uerbum
1209 1923 1283 2006 qui-

252 2044 326 2106 dem
342 2043 410 2106 sola
424 2039 600 2105 Heinsiani
623 2039 743 2104 codicis
758 2041 951 2105 auctoritate
973 2052 1100 2105 motum
1123 2065 1163 2106 ex
1185 2065 1283 2128 supe-

252 2163 335 2226 riore
347 2160 569 2247 recognitione
585 2160 772 2225 mutauisse.
785 2161 966 2226 Muellerus
979 2172 1089 2226 autem
1100 2185 1183 2246 quae
1196 2163 1284 2228 eius-

252 2283 327 2346 dem
348 2282 413 2346 fide
435 2281 512 2346 libri
533 2280 628 2344 aliter
650 2289 748 2363 atque
771 2301 830 2365 ego
853 2281 968 2360 edidit,
992 2282 1074 2345 haec
1095 2283 1222 2361 habeto,
1246 2283 1283 2347 in

250 2402 371 2486 ‚quibus
386 2424 439 2465 me
458 2401 543 2466 nihil
565 2400 818 2485 praetermisisse
840 2411 928 2485 puto,
946 2401 1011 2464 nisi
1033 2402 1283 2487 orthographica

254 2523 414 2606 quaedam
437 2521 489 2604 (in
512 2542 576 2605 quo
603 2542 723 2605 genere
745 2520 801 2584 ille
825 2543 844 2584 a
865 2521 946 2585 meis
975 2521 1117 2586 rationes
1139 2522 1284 2588 diuersas

254 2643 408 2727 sequitur)
433 2653 491 2705 aut
512 2641 561 2705 tis
577 2652 610 2706 et
630 2641 670 2704 iis
684 2642 905 2725 permutata*,
924 2641 1042 2725 quibus
1057 2643 1093 2706 in
1107 2643 1170 2706 hae
1186 2665 1284 2706 causa

253 2763 338 2826 nihil
352 2763 495 2827 efficitur
510 2783 571 2826 nec
587 2761 657 2846 ipse
675 2762 790 2846 opinor
806 2761 893 2826 effici
907 2763 1059 2826 uoluerit.
1159 2786 1191 2848 p.
1203 2771 1250 2842 17,
1265 2772 1281 2826 6

249 2885 331 2968 quid
357 2884 398 2947 sit
425 2883 546 2947 homini
571 2890 687 2946 maturo
710 2882 872 2945 tributum:
902 2906 922 2946 α
944 2892 1059 2948 natura
1080 2883 1284 2948 Heinsianus

254 3004 435 3068 Muellerus
551 3009 605 3082 28,
625 3010 641 3065 3
664 3002 818 3066 hominem
841 3001 941 3066 erexit
962 3004 1007 3066 od
1026 3003 1171 3087 caelique
1194 3004 1287 3087 quasi

254 3123 470 3208 separationis.
493 3131 714 3205 ‚conspectum
741 3121 905 3186 excitauit:
929 3124 974 3186 od
993 3124 1074 3187 coeli
1093 3125 1165 3203 AB;
1189 3125 1287 3188 etad

252 3243 335 3308 caeti
348 3244 421 3308 HM
536 3250 585 3322 34,
606 3251 644 3305 14
661 3242 770 3326 quibus
791 3243 872 3306 euim
894 3243 978 3307 ratio
996 3250 1112 3308 catara
1126 3244 1203 3308 data
1219 3252 1283 3308 est:

324 3449 340 3481 *
357 3449 391 3502 ln
403 3447 540 3503 scribendi
559 3465 659 3518 genere
671 3447 739 3517 quid
756 3448 928 3502 auctoritatis
945 3449 1046 3503 habeat
1058 3447 1145 3502 codex
1156 3448 1286 3503 Heinsio-

255 3552 317 3600 nus,
336 3533 383 3588 uel
400 3533 471 3588 illud
487 3533 590 3588 indicio
608 3549 668 3588 esse
686 3541 785 3604 potest,
800 3533 883 3604 quod,
898 3534 1039 3588 nominum
1054 3533 1247 3588 terminatione
1262 3536 1286 3590 is

255 3620 285 3673 in
302 3620 445 3675 Vossianis
463 3620 492 3673 in
509 3639 537 3674 ea
553 3626 672 3684 mutata,
692 3619 820 3674 sehabet
837 3636 952 3691 semper,
972 3619 1051 3674 uelut
1067 3620 1213 3690 quinquies
1231 3639 1287 3675 una

254 3706 357 3777 pagina
368 3709 414 3771 40;
435 3705 484 3760 ubi
501 3724 594 3776 quom,
614 3705 719 3775 quoius,
742 3707 804 3775 quoi
820 3705 850 3760 in
867 3713 985 3777 utroque
1003 3712 1051 3759 aut
1067 3705 1097 3758 in
1117 3703 1203 3760 altero
1222 3713 1285 3761 utro

255 3792 390 3846 Vossiano
409 3791 542 3862 scriptum
559 3797 609 3856 est,
626 3808 713 3861 paene
727 3809 832 3863 semper
844 3809 911 3857 eum,
927 3779 1011 3857 cuius,
1025 3791 1070 3844 cui
1081 3790 1201 3846 exhibet.
1225 3810 1288 3846 eum

256 3877 342 3947 igitur
358 3885 458 3932 testem
475 3875 648 3931 consulemus
660 3876 789 3931 nimirum
800 3877 849 3933 ubi
862 3878 896 3932 de
908 3878 999 3949 prisco
1018 3894 1142 3930 sermone
1153 3875 1182 3930 in
1193 3875 1287 3946 legum

255 3963 357 4017 tabulis
375 3963 545 4018 restituendo
557 3963 657 4032 agitur.
669 3963 712 4018 loia
729 3981 778 4034 pro
796 3963 821 4017 is
838 3962 885 4016 uel
901 3964 936 4018 iis
952 3971 1016 4018 tam·
1028 3979 1109 4033 saepe
1121 3962 1192 4017 falso
1205 3980 1287 4033 quam

256 4055 330 4102 recte
348 4047 480 4120 scriptum
497 4056 540 4103 est
556 4047 585 4101 in
595 4047 764 4103 Heinsiano:
779 4055 873 4120 aperte
883 4048 956 4103 falso
968 4047 1047 4103 uelut
1057 4065 1085 4119 p.
1100 4051 1141 4114 89,
1157 4051 1181 4102 9.
1202 4051 1244 4114 52,
1259 4051 1284 4103 4.

258 4134 316 4199 133,
332 4137 361 4198 7;
376 4141 450 4188 recte
461 4147 488 4204 p.
503 4136 545 4199 88,
560 4136 584 4199 2,
599 4151 688 4204 neque
700 4132 868 4188 Muellerum
879 4135 966 4205 probo
979 4152 1006 4205 p.
1019 4137 1061 4200 40,
1072 4131 1086 4186 7
1098 4135 1141 4188 ln's
1154 4152 1188 4188 ex
1199 4134 1287 4188 Hein-

257 4218 334 4272 siano
352 4218 411 4273 solo
429 4219 615 4290 recipientem.
