3252 4964
379 446 438 507 142
787 455 810 495 11
828 443 870 507 αι,
886 445 999 495 55-56

376 616 418 679 ad
440 616 575 679 modum
590 637 625 678 os
640 625 803 679 resectum
817 625 903 678 terra
918 624 1098 698 optegatur,
1116 636 1265 697 quaeque
1281 615 1316 678 in
1332 637 1408 699 por-

377 740 414 781 ca
430 727 595 782 contracta
617 717 690 782 iura
712 718 785 797 sint,
804 741 868 801 quo
884 729 1028 801 tempore
1044 717 1181 801 incipiat
1196 719 1409 802 sepulchrum

376 843 444 886 esse
468 832 500 885 et
523 820 680 906 religione
703 832 862 885 teneatur.
891 820 1029 884 etmihi
1057 821 1191 903 quidem
1219 821 1409 904 antiquissi-
1422 829 1465 884 56

376 947 468 988 mum
496 925 684 1009 sepulturae
712 946 816 1009 genus
838 924 922 987 illud
944 923 1044 988 fuisse
1067 925 1207 1002 uidetur,
1233 946 1298 1006 quo
1320 925 1411 1008 apud

346 1047 359 1086 5
376 1028 634 1112 Xenophontem
649 1029 754 1112 Cyrus
769 1027 887 1090 utitur:
905 1025 1052 1089 redditur
1067 1025 1157 1088 enim
1171 1037 1275 1090 terrae
1292 1049 1410 1111 corpus

377 1140 410 1194 et
432 1130 478 1194 ita
500 1131 644 1193 locatum
666 1152 703 1193 ac
726 1130 826 1194 situm
849 1129 941 1212 quasi
960 1129 1162 1214 operimento
1177 1129 1289 1194 matris
1304 1130 1410 1194 obdu-

378 1232 471 1295 citur.
497 1234 675 1316 eodemque
698 1233 765 1297 ritu
786 1233 823 1296 in
838 1255 875 1296 eo
891 1232 1073 1317 sepulchro,
1091 1233 1179 1316 quod
1194 1233 1281 1296 hand
1293 1235 1411 1317 procul

378 1336 524 1400 aFontis
547 1359 602 1400 ara
625 1347 680 1415 est,
706 1359 816 1421 regem
838 1347 987 1400 nostrum
1000 1336 1146 1399 Numam
1169 1336 1339 1399 conditum
1353 1358 1410 1399 ec-

377 1439 534 1521 cepimuS,
553 1450 749 1524 gentemque
761 1439 948 1504 Corneliam
962 1461 1066 1521 usque
1082 1438 1124 1501 ad
1142 1439 1333 1502 memoriam
1347 1462 1410 1503 no-

334 1559 358 1599 so
377 1552 477 1604 stram
499 1542 560 1605 hac
583 1544 752 1627 sepultura
774 1543 893 1606 scimus
909 1564 977 1605 esse
993 1564 1095 1605 usam.
1113 1544 1148 1607 O.
1165 1543 1250 1607 Mari
1266 1543 1342 1608 sitas
1357 1564 1410 1606 re-

376 1645 494 1728 liquias
510 1647 598 1730 apud
613 1645 776 1710 Anienem
799 1645 947 1729 dissipari
969 1645 1064 1709 iussit
1079 1645 1172 1708 Sulla
1186 1646 1301 1726 uictor,
1318 1668 1411 1710 acer-

482 1939 493 1988 1
515 1912 544 2002 e⁰s
559 1940 596 1993 H
695 1945 839 2007 exceptum
855 1945 930 1992 terra
951 1938 1091 1992 Turnebus
1107 1944 1243 1992 resectum
1259 1943 1333 1992 terra
1351 1939 1410 1990 An-

377 2023 456 2076 dreas
475 2023 612 2078 Patricius
629 2024 667 2077 ad
684 2023 818 2078 Ciceronis
834 2027 995 2095 sraymenta
1013 2029 1120 2077 rerecn'r
1133 2024 1136 2092 1
1149 2026 1362 2102 serretrereon‘t
1380 2023 1409 2077 in

376 2111 480 2175 rasura)
495 2111 523 2162 A
540 2107 776 2176 reiectumlrerrae
794 2112 822 2164 B
839 2127 974 2163 reiectum
990 2127 1066 2163 serre
1084 2111 1121 2163 H
1202 2126 1279 2180 queq;
1291 2111 1327 2182 H

376 2212 391 2263 2
411 2228 555 2267 contrecta
574 2214 610 2268 H
624 2177 770 2279 conisaese
786 2213 815 2265 B
832 2212 976 2266 confracta
994 2213 1040 2265 sed
1057 2210 1070 2264 l
1087 2230 1119 2265 en
1135 2229 1152 2264 τ
1170 2229 1231 2265 corr
1248 2214 1276 2265 A
1367 2229 1410 2264 ru·

377 2307 476 2382 rellrns
488 2317 516 2370 Β
602 2333 672 2386 quot
688 2319 723 2386 pi
737 2333 853 2387 rncrprst
866 2317 903 2370 H
986 2317 1000 2366 3
1020 2333 1050 2369 st
1062 2317 1090 2369 B
1107 2289 1143 2383 ai
1155 2317 1182 2368 A
1201 2315 1236 2368 ad
1253 2316 1289 2368 H
1303 2331 1335 2368 so
1346 2316 1410 2368 Ma·

377 2420 470 2474 nntine
568 2423 585 2472 4
603 2391 759 2489 sepuhbrtA
777 2394 917 2491 sepultiire
936 2419 972 2472 H
1060 2415 1127 2471 illut
1145 2435 1207 2470 corr
1223 2416 1262 2470 ud
1279 2420 1307 2471 A

377 2540 448 2592 aput
465 2541 527 2576 eorr
543 2520 583 2574 ud
599 2524 628 2574 A
731 2526 747 2575 5
764 2540 835 2576 xeno
853 2496 948 2592 pritem
960 2522 988 2575 Β
1004 2521 1184 2575 xenofontem
1196 2523 1232 2575 H
1331 2518 1415 2591 cyrus

376 2625 470 2660 untur
483 2609 520 2662 H
533 2605 698 2678 cyrulmrur
710 2610 738 2662 B
756 2604 896 2678 syruluu‘i
914 2608 960 2661 sed
972 2603 1042 2660 luni
1054 2607 1085 2660 in
1096 2625 1192 2661 rosera
1204 2610 1232 2659 A
1318 2608 1411 2661 Xeno·

373 2694 450 2763 plion
463 2694 559 2762 Cyrop.
573 2695 598 2757 8,
609 2697 633 2758 7,
643 2696 675 2746 25
693 2695 722 2746 τὸ
740 2692 762 2745 δ’
779 2695 840 2763 ἐμὸν
854 2702 929 2762 σῶμα
943 2733 949 2746 .
966 2735 971 2746 .
986 2693 1046 2760 ὅταν
1058 2691 1213 2764 τελευτήσω,
1229 2693 1295 2764 μήτε
1308 2692 1335 2745 ἐν
1347 2711 1410 2766 χρυ·

378 2779 414 2849 sip
426 2777 489 2847 θῆτε
507 2779 571 2848 μήτε
591 2778 617 2831 ἐν
636 2779 738 2853 ἀργύρῳ
752 2780 818 2849 μήτε
834 2779 860 2832 ἐν
873 2778 945 2849 ἄλλῳ
958 2778 1056 2850 μηδενί,
1073 2778 1140 2832 ἀλλὰ
1152 2781 1184 2852 τῇ
1198 2782 1231 2853 γῇ
1250 2781 1285 2839 ὡς
1303 2779 1412 2852 τάχιστα

377 2862 494 2917 ἀπόδοτε.
514 2863 537 2916 τί
554 2863 601 2936 γὰρ
618 2865 710 2918 τούτου
730 2867 933 2935 μακαριώτερον,
954 2871 999 2919 τοῦ
1017 2867 1050 2937 γῇ
1066 2864 1204 2938 μιχθῆναι,
1225 2865 1242 2936 ἣ
1262 2866 1344 2918 πάντα
1362 2864 1410 2934 μὲν

376 2949 408 3002 τὰ
425 2948 502 3015 καλά,
522 2949 605 3004 πάντα
623 2951 651 3003 δὲ
668 2950 768 3023 τάγαθὰ
787 2950 844 3022 φύει
862 2970 890 3004 τε
907 2955 951 3005 καὶ
968 2953 1069 3025 sptem
1090 2953 1139 3024 ἐγὼ
1158 2951 1187 3005 δὲ
1204 2952 1248 3006 ναὶ
1266 2951 1351 3011 ἄλλως
1370 2969 1411 3022 φι-

375 3035 529 3105 λάνθρωπος
548 3035 671 3109 ἐγενόμην
689 3037 733 3090 nal
748 3042 793 3090 νῦν
811 3036 895 3106 ἡδέως
912 3037 943 3090 ἄν
962 3057 1006 3108 μαι
1025 3038 1094 3091 δοκῶ
1112 3045 1265 3109 κοινωνῆσαι
1282 3043 1327 3090 τοῦ
1340 3037 1411 3108 εὐερ-

375 3129 507 3195 γετοῦντας
525 3121 676 3194 ἀνθρώπους
780 3125 795 3176 6
815 3123 987 3194 operimento
1005 3123 1133 3178 editiones
1150 3129 1325 3194 operimento
1343 3125 1379 3189 (rr
1396 3140 1411 3174 e

279 3231 282 3240 '
376 3230 443 3293 corr)
462 3228 490 3279 A
507 3232 670 3297 opermenu'r
687 3229 715 3281 Β
733 3200 934 3297 {perimentum
952 3228 989 3280 H
1106 3230 1121 3279 7
1140 3225 1286 3296 eodelquee
1304 3243 1363 3279 ritu
1380 3229 1410 3280 Β

377 3313 586 3382 eodemquenru
604 3313 650 3366 sed
668 3329 741 3365 errtu
760 3312 790 3364 in
806 3330 903 3366 rasura
920 3314 948 3365 A
967 3311 1155 3383 eodemquerrt
1171 3326 1256 3366 Iunco
1273 3312 1310 3365 H

376 3396 520 3480 sepulchro
533 3401 561 3450 A
647 3398 723 3453 haud
734 3398 841 3452 addidit
854 3399 936 3468 ano
954 3397 1065 3452 Grotius
1078 3397 1107 3451 in
1120 3398 1207 3452 Mart.
1219 3399 1286 3467 Gap.
1300 3400 1322 3463 1,
1336 3417 1364 3469 p.
1376 3399 1410 3451 16

479 3503 494 3553 8
513 3520 546 3554 *a
560 3504 584 3566 (a
597 3521 610 3555 e
623 3504 690 3567 corr)
703 3503 732 3554 A
836 3519 883 3555 ars
901 3507 944 3555 est
960 3503 996 3554 A.
1013 3503 1054 3556 W.
1069 3501 1213 3572 Zumptins
1230 3499 1293 3556 aras
1301 3501 1408 3566 ΑΒΕ·

376 3587 518 3657 Modoiqii
534 3588 666 3641 rationein
685 3590 764 3659 (Opp.
781 3589 806 3652 2,
824 3589 882 3653 157)
904 3605 958 3640 non
977 3591 1046 3640 reete
1064 3587 1134 3657 cepit
1148 3588 1286 3650 Halmius,
1307 3605 1366 3640 eum
1383 3593 1410 3640 et

380 3673 472 3725 Grotii
484 3673 654 3744 Zumptiiqne
668 3673 842 3727 correctiones
853 3678 942 3726 teneat
954 3678 979 3727 et
990 3678 1079 3727 tamen
1091 3672 1120 3726 in
1140 3691 1171 3727 eo
1185 3677 1340 3743 corruptum
1353 3691 1409 3727 esse

376 3758 517 3828 Madniqio
535 3760 698 3814 assentiatur
818 3766 929 3812 nummis
945 3761 973 3812 A
992 3764 1075 3812 numi
1091 3761 1120 3814 B
1136 3763 1247 3829 nummis
1265 3760 1301 3813 H

374 3842 528 3914 accepimus
545 3845 716 3899 Heineienne
733 3843 882 3915 eccrprmul
896 3847 953 3899 AB
1074 3847 1090 3897 9
1108 3844 1252 3898 cornelrs*
1269 3847 1297 3898 A

373 3921 462 4002 iiiona
479 3950 506 3998 A
525 3950 552 4013 (o
572 3966 634 4002 sorr
651 3967 683 4001 ee
701 3951 728 4014 e)
853 3951 884 4001 10
907 3966 967 4002 esse
985 3966 1063 4002 usam
1082 3948 1225 4002 deteriores
1242 3947 1366 4002 nonnulli
1382 3953 1409 4000 et

374 4052 542 4106 Ascensiana
561 4016 733 4128 esseuffinB
751 4049 778 4104 eie
796 4051 912 4106 humare
928 4052 958 4105 in
974 4070 1073 4106 rasura
1085 4054 1113 4105 A
1131 4049 1159 4104 eie
1171 4053 1227 4104 unit
1239 4049 1409 4106 Heinsionus

476 4120 621 4225 motilitas
635 4156 663 4209 Β
679 4130 837 4228 ωαιιῗΐΐιταΐ
851 4158 879 4208 A
896 4154 980 4209 msnl
995 4152 1079 4209 scires
1096 4155 1133 4208 H
1228 4157 1257 4207 11
1277 4119 1405 4226 spuisst

372 4247 469 4294 aniene
482 4242 552 4311 (fnit
563 4239 758 4310 sputanslrene)
772 4242 800 4292 B
812 4240 885 4311 apud
903 4247 1000 4295 aniene
1016 4242 1063 4294 sed
1079 4238 1138 4311 pud
1155 4257 1216 4293 ame
1229 4240 1258 4294 in
1270 4257 1367 4294 rasura
1378 4241 1408 4292 A
