3260 4968
622 415 910 478 rum-mm
1240 419 1280 480 ὣ

250 593 388 676 dignum
416 589 541 673 aliquid
567 599 600 651 et
627 587 725 650 faciet
752 597 785 650 et
812 586 938 663 sentiet,
968 597 1008 665 et,
1035 607 1134 670 quom
1156 609 1190 650 se
1212 586 1281 671 ipse

247 692 452 780 perspexerit
465 702 636 775 totumque
652 689 827 774 temptant,
845 688 1022 774 intelleget,
1041 712 1139 772 quem
1155 691 1197 754 ad
1211 675 1282 755 moss

249 799 330 861 dum
352 819 371 858 a
392 805 510 859 natura
532 796 727 858 subornatus
749 793 785 855 in
808 793 912 856 uitam
939 792 1068 857 uenerit
1094 805 1281 878 quantaque

247 901 468 965 instrumenta
488 898 608 963 habeat
622 898 664 961 ad
678 896 891 981 optinendam
906 896 1215 981 adipiscendamque
1230 919 1281 962 sa-

249 1004 415 1089 pientiam,
441 1003 596 1087 quoniam
618 999 780 1085 principio
803 1021 914 1062 rerum
936 999 1084 1063 omnium
1108 1001 1200 1083 quasi
1222 1003 1280 1064 ad·
1309 1017 1323 1058 Ὶ5

248 1109 415 1171 umbratas
434 1104 675 1190 intellegentias
690 1103 800 1166 animo
816 1125 853 1165 ac
869 1114 979 1167 mente
995 1103 1188 1186 conceperit,
1207 1104 1281 1188 qui-

248 1213 310 1275 bus
333 1209 515 1274 inlustratis
537 1205 698 1292 sapientie
720 1207 803 1269 duce
825 1207 956 1295 bonum!
973 1205 1082 1269 uirum
1106 1217 1138 1270 et
1153 1209 1193 1271 ob
1210 1230 1282 1271 eam

249 1316 355 1399 ipsam
381 1335 513 1376 causam
541 1321 654 1374 cernat
675 1331 708 1372 se
730 1311 864 1373 beatum
885 1308 963 1373 sore.
988 1332 1065 1373 nam
1088 1333 1187 1394 quom
1210 1313 1281 1375 ani-

250 1439 324 1482 mus
346 1415 484 1501 cognitis
499 1413 725 1500 perceptisque
741 1411 919 1476 uirtutibus
935 1435 953 1474 a
970 1414 1111 1496 eorporis
1127 1416 1281 1498 obsequio

248 1519 519 1605 indulgentiaque
554 1515 737 1581 discesserit
764 1515 1034 1600 uoluptatemque
1061 1517 1146 1580 sicut
1173 1519 1281 1582 labem
1304 1536 1325 1576 ιο

249 1623 393 1707 aliquam
420 1620 587 1686 dedecoris
615 1619 810 1704 oppresserit
836 1641 1032 1704 omnemque
1055 1622 1168 1686 mortis
1191 1623 1283 1686 dolo·

248 1727 358 1810 risque
381 1727 532 1789 timorem
555 1722 705 1807 effugerit
726 1722 979 1807 societatemque
1002 1722 1146 1788 caritatis
1170 1725 1283 1789 coierit

193 1271 240 1339 23

195 1365 238 1422 60

248 2104 310 2141 eurr
320 2087 365 2140 bit
377 2085 471 2140 ΑΒΗ
562 2086 574 2135 1
595 2082 670 2153 ahqd
687 2086 714 2137 B
806 2085 831 2137 ἃ
850 2053 942 2138 senes
952 2083 1100 2140 sementi&
1113 2088 1140 2139 A
1158 2087 1183 2140 tc
1201 2056 1284 2140 sacldi

249 2188 345 2243 senti&
361 2190 390 2243 B
407 2189 432 2243 tr
450 2184 646 2242 faciliensem&
667 2187 703 2240 H
795 2191 828 2240 cu
840 2189 868 2240 B
886 2204 948 2242 eum
962 2189 998 2241 H
1074 2155 1148 2260 quse
1160 2192 1187 2243 A

246 2296 265 2345 2
282 2268 450 2370 tdnmmque
469 2292 493 2342 A
596 2291 747 2361 sempter&
766 2307 826 2344 eoru
842 2307 883 2344 rit
899 2293 927 2346 B
1047 2308 1076 2345 se
1094 2292 1153 2363 ipse
1170 2293 1284 2346 tentarit

247 2403 391 2466 totumque
409 2393 581 2465 perspexerit
599 2395 735 2457 Elnestue,
755 2393 827 2469 quod
839 2411 985 2464 perperam
1003 2395 1120 2464 eminuit
1137 2395 1281 2448 Baiterue:

248 2487 279 2536 ut
296 2483 367 2536 enim
385 2483 417 2536 de
434 2498 471 2533 or.
485 2482 514 2544 2,
531 2481 575 2543 78,
591 2480 640 2531 318
659 2485 718 2533 tote
735 2495 818 2532 causa
835 2486 1017 2550 pertemptata
1035 2487 1117 2550 etque
1140 2487 1283 2551 perspecte
1301 2509 1310 2532 κ

250 2568 362 2640 sepitur,
381 2569 420 2622 tic
439 2565 575 2620 contrario
594 2565 688 2619 ordine
706 2565 743 2620 ed
764 2565 892 2626 Quintum
904 2569 947 2637 fr.
963 2568 989 2631 1,
1006 2569 1035 2631 4,
1051 2569 1065 2618 5
1083 2566 1283 2637 perspicerem

249 2661 278 2708 et
289 2659 448 2724 pertempte;
460 2670 492 2706 ac
500 2655 611 2723 poteret
622 2656 711 2705 nestro
723 2669 822 2722 quoque
835 2654 891 2707 loeo
904 2653 988 2706 eneti
997 2653 1168 2724 perspexerit
1183 2660 1210 2706 et
1221 2670 1282 2723 per·

248 2738 398 2810 temptent,
416 2737 544 2792 sedidem
556 2742 594 2790 esi
605 2743 749 2807 totumque
763 2738 917 2809 temptarit;
938 2745 964 2793 et
976 2737 1160 2808 perspiciendi
1176 2739 1282 2793 uerbum

248 2825 356 2896 saepius
373 2826 412 2878 ite
426 2823 550 2896 ponitur,
570 2828 600 2877 ut
617 2823 651 2878 ab
669 2830 790 2878 accurate
805 2823 979 2894 inspiciendo,
994 2827 1159 2896 explorando
1178 2826 1227 2878 rue
1239 2825 1282 2878 ui-

249 2912 344 2965 deatur
355 2911 473 2982 differre,
488 2910 561 2963 uelut
571 2910 687 2981 adsunt.
700 2914 725 2976 9,
742 2913 782 2976 15,
797 2913 812 2962 5
825 2917 856 2964 tu
869 2909 953 2964 uelim
971 2927 1033 2965 cum
1049 2911 1136 2967 sebris
1156 2929 1214 2965 eem
1228 2910 1282 2976 (do-

247 3000 330 3062 mum)
349 2995 500 3067 perspicias
604 2995 790 3050 lobrmenda
806 3000 833 3051 A
936 2994 1159 3067 adipiscendamq
1180 3001 1202 3062 (ι
1220 3001 1282 3050 ente

250 3079 265 3134 s
281 3082 310 3135 in
327 3085 438 3148 return)
458 3084 485 3135 A
606 3079 782 3137 obtinendem
799 3081 1054 3153 adipiscendamque
1073 3082 1232 3154 Maduipius
1251 3083 1282 3136 de

239 3169 297 3239 fin.
310 3170 335 3232 2,
349 3169 391 3233 22,
408 3163 862 3239 71‘durissimumhysteroiopiom'
879 3168 945 3223 dicit
963 3172 988 3222 et
1005 3167 1097 3222 mendi
1107 3169 1281 3232 suspicionem

249 3258 351 3314 mouet,-
360 3257 392 3320 [et
401 3259 468 3307 certe
475 3271 563 3324 praue
575 3253 698 3308 iudicent
707 3255 755 3324 qui
765 3254 965 3324 inteipreinndo
978 3254 1058 3308 uerbo
1070 3273 1086 3308 α
1098 3253 1130 3307 ui
1139 3272 1188 3307 sua
1197 3253 1281 3307 detor-

250 3339 337 3409 quent]
438 3337 676 3408 fimrelhgennas
689 3342 717 3392 A
816 3341 1031 3411 concoepean
1129 3338 1283 3393 iillustra·

247 3441 286 3496 tis
300 3442 440 3496 Manutius
452 3417 586 3496 lnlusnis
602 3446 639 3508 lta
656 3444 701 3496 uel
716 3462 749 3496 ru
767 3443 983 3514 superscriptum)
998 3447 1026 3498 B
1041 3441 1209 3497 inlustratus
1226 3442 1283 3508 (rus

249 3529 278 3582 iu
290 3533 396 3594 rasura)
408 3530 436 3580 A
450 3526 620 3582 mlustratus
634 3531 670 3582 H
751 3531 766 3581 8
778 3531 817 3596 [de
829 3530 995 3584 memorabili
1000 3530 1094 3601 positu
1107 3547 1136 3583 se
1142 3530 1281 3599 protromi-

249 3615 293 3668 nie
305 3614 366 3668 uide
379 3615 414 3667 od
426 3616 450 3679 3,
467 3617 507 3680 19,
522 3617 563 3680 43]
647 3615 749 3670 beatu*
762 3615 822 3669 sore
836 3616 857 3681 (s
872 3635 886 3670 e
904 3619 971 3681 corr)
986 3618 1013 3668 A
1099 3633 1153 3686 quo
1168 3617 1207 3682 H,
1223 3634 1283 3669 corr

250 3698 325 3769 quod
343 3703 370 3755 B
387 3697 439 3770 qd*
457 3703 485 3754 A
503 3720 516 3754 e
534 3720 596 3755 corr
614 3702 685 3771 (suis
702 3705 781 3772 quo);
803 3719 888 3771 quum
905 3704 949 3756 uel
965 3719 1027 3756 cum
1044 3702 1172 3755 editiones

250 3787 267 3838 9
285 3785 368 3840 adcor
385 3785 457 3840 cons
475 3797 536 3841 corr
554 3805 570 3841 e
587 3786 710 3859 corporis
726 3791 753 3843 B
772 3806 788 3841 e
805 3786 928 3858 corporis
945 3791 968 3853 (a
986 3805 1068 3858 corpo
1087 3789 1116 3841 in
1133 3791 1237 3852 rasura)
1257 3791 1283 3841 A

250 3889 267 3924 a
285 3869 408 3942 corporis
418 3874 454 3926 H
541 3876 571 3926 10
588 3872 764 3944 uoluptatem
781 3875 852 3944 quite
863 3874 918 3926 AB
935 3872 1133 3944 uoluptatemq
1149 3875 1185 3927 H

253 3959 282 4008 11
298 3956 441 4013 dedecoris
452 3959 456 4028 Ι
473 3957 520 4025 (ns
529 3960 559 4013 in
569 3963 674 4024 rasura)
689 3961 726 4012 H
800 3957 965 4030 obpresserrr
976 3964 1001 4014 A
1082 3965 1161 4012 omne
1173 3977 1243 4029 quee
1255 4002 1280 4014 ..

251 4041 356 4097 doloris
365 4061 434 4114 quae
446 4047 474 4100 B
546 4048 576 4098 12
590 4044 718 4099 sondrae&
731 4063 799 4116 quae
812 4046 839 4098 B
905 4047 960 4112 [En
971 4047 1019 4099 loe
1030 4046 1166 4100 enuntiato
1176 4047 1283 4116 perepi-

250 4147 328 4182 cuum
337 4132 378 4199 fit
392 4130 545 4184 Ciceronem
562 4131 722 4186 minutulam
734 4147 787 4201 que
799 4132 965 4202 particulam
980 4151 1035 4186 non
1053 4132 1092 4185 iia
1110 4135 1235 4202 referque
1253 4137 1283 4185 nt

249 4215 374 4270 mnnuili
388 4218 495 4287 putant]
591 4217 688 4271 coierit
703 4218 841 4284 Turnebus
854 4234 978 4288 coegenr
990 4220 1044 4273 AB
1057 4217 1110 4281 (sed
1123 4235 1141 4288 g
1153 4235 1213 4272 corr
1225 4236 1256 4271 en
1269 4236 1283 4272 c

303 4328 346 4359 cre.
362 4329 411 4360 sse.
426 4329 451 4360 11.
1062 4326 1076 4372 5
