3250 4974
683 392 737 455 12,
758 393 824 443 o-r
1249 395 1268 455 9

240 563 281 626 ad
297 561 455 641 Coelium,
473 564 529 626 sed
548 563 658 647 potius
674 563 715 625 ad
730 563 940 645 antiquorum
955 562 1147 647 languorem
1167 575 1200 628 et
1218 563 1272 626 in-

202 673 217 726 7
239 665 375 730 scitiam.
399 687 477 728 nam
499 666 579 748 quid
598 666 749 728 Macrum
770 686 950 744 numerem,
976 665 1070 728 cuius
1092 666 1272 750 loquacitas

239 770 339 833 habet
360 768 485 851 aliquid
507 768 716 852 argutiarum,
742 790 803 832 nec
825 769 860 831 id
882 779 992 832 tamen
1012 790 1053 831 ex
1071 769 1130 832 illa
1144 769 1273 833 erudita

241 873 443 938 Graecorum
463 872 557 955 copia
575 873 632 935 sed
651 895 693 935 ex
709 871 882 936 librariolis
897 871 1032 951 Latinis,
1058 872 1094 934 in
1116 873 1273 936 orationi-

713 949 898 966 *ψ

239 975 301 1038 bus
316 985 427 1037 autem
442 975 562 1038 multas
577 974 726 1059 ineptias,
743 974 841 1038 elatio
856 997 1018 1038 summam
1032 975 1271 1059 inpudentiam.

237 1183 268 1234 p.
289 1166 354 1232 429¹:
378 1168 473 1217 contro
495 1165 619 1217 dicerunt
637 1181 697 1217 cuna
714 1163 767 1218 olii
787 1168 843 1216 lum
864 1164 954 1234 isqui
975 1163 1055 1216 nimis
1079 1165 1273 1218 inconsiderate

241 1248 343 1303 iudicat
360 1249 494 1303 Iordanus
517 1251 619 1312 (Herna
638 1252 669 1314 6,
691 1252 766 1313 209);
787 1250 919 1321 quidquid
936 1250 1006 1304 enim
1024 1250 1057 1303 cle
1074 1248 1156 1304 bellis
1176 1250 1274 1304 statui-
1355 1235 1362 1244 ⁴

241 1341 292 1400 tur,
313 1335 442 1389 iudicium
460 1336 491 1389 de
503 1335 640 1389 Asellione
657 1335 728 1389 idem
746 1340 785 1389 eat
801 1354 884 1405 neque
902 1337 995 1405 opitur
1012 1337 1043 1390 ole
1051 1337 1114 1407 fide
1132 1341 1157 1390 el
1173 1337 1275 1390 uirtute

242 1421 372 1474 historico
388 1422 434 1474 scd
446 1421 478 1474 de
495 1421 557 1474 stilo
575 1426 601 1474 et
618 1421 755 1474 oratione:
774 1426 868 1474 temne
886 1439 948 1475 uero
964 1422 1099 1478 Valerium
1117 1424 1269 1488 (Anltutem)

242 1507 387 1572 desiderat,
408 1507 464 1559 cius
475 1507 541 1560 odeo
557 1525 651 1560 nmnen
666 1506 779 1562 caballi
793 1507 897 1578 prolici
907 1524 988 1576 posse
1004 1509 1163 1563 hariolatus.
1182 1515 1275 1563 contro

241 1591 308 1647 belli
326 1597 392 1646 nola
412 1610 465 1646 uon
482 1593 519 1646 od
535 1592 719 1662 recipiendum
735 1593 848 1647 colorem
863 1593 995 1646 ironicum
1012 1597 1048 1659 (nt
1059 1592 1150 1649 bellus
1162 1594 1273 1665 hospes,

242 1677 346 1732 bellum
368 1676 468 1744 filium,
493 1676 585 1732 bellus
606 1677 748 1732 blanditur
770 1677 822 1732 tibi
844 1680 918 1749 opud
936 1681 1098 1746 Plautum),·
1116 1682 1169 1734 duo
1187 1686 1274 1734 cutem

241 1764 366 1829 nomino,
391 1765 470 1834 quasi
486 1764 600 1833 exempli
616 1782 712 1829 consa,
732 1763 874 1823 ἀσυνδέτως
891 1771 1028 1836 ponuntur
1041 1767 1125 1834 plane
1143 1767 1272 1831 dentone,

242 1851 315 1904 uelut
332 1852 369 1904 ool
385 1853 445 1903 Aut.
466 1853 490 1916 6,
512 1851 536 1915 3,
557 1853 572 1902 5
591 1849 692 1904 amicos
710 1849 794 1903 habet
810 1867 899 1904 meras
916 1868 1014 1920 nugas,
1034 1851 1191 1918 Matinium,
1212 1851 1276 1906 Sca-

241 1935 343 2006 ptium3
364 1938 397 1990 de
414 1937 465 2005 leq.
483 1939 508 2001 2,
527 1937 569 2002 23,
587 1939 620 1988 59
638 1941 748 1990 ueteres
765 1935 938 2007 interpretes,
959 1935 1022 1990 Sex.
1036 1934 1143 2002 Aelius,
1164 1938 1197 1990 L.
1211 1936 1276 1991 Aci-

239 2037 314 2104 lius]
418 2041 430 2091 1
451 2036 539 2093 coehu
558 2040 586 2091 Α
603 2036 719 2116 caelium
736 2039 764 2092 B
781 2037 852 2116 cqhu
871 2041 907 2092 H
937 2111 951 2122 ..
1004 2023 1118 2110 leniora
1136 2042 1163 2093 A
1179 2039 1277 2109 lango-

241 2142 299 2179 rem
315 2126 352 2178 H
468 2123 626 2194 mllcmam
643 2124 688 2176 secl
706 2141 720 2178 c
738 2142 799 2178 corr
815 2143 847 2179 eu
862 2143 880 2178 ‘t
897 2127 925 2180 Β
942 2126 967 2192 85
985 2125 1122 2180 inscitiam
1144 2125 1181 2190 (in
1197 2143 1276 2196 morq

243 2232 308 2298 arqal
330 2230 367 2283 H
480 2230 590 2293 lnam]
605 2201 637 2280 it
654 2230 682 2283 B
791 2227 916 2282 Macrum
935 2229 1047 2284 Carolus
1065 2229 1193 2301 Siponius
1210 2229 1276 2283 acrr'r

243 2317 298 2369 ΑΒ
316 2332 409 2369 acrum
425 2316 462 2369 H
551 2311 719 2383 loquacitas*
732 2315 780 2367 sed
797 2312 885 2368 acuas
899 2313 928 2368 in
945 2317 1083 2369 rosuroB
1180 2317 1277 2384 43πο-

243 2419 309 2472 corti
326 2419 390 2472 ΑΗ
499 2384 674 2494 esbberabq
691 2415 797 2495 linguis
815 2417 857 2482 (in
874 2385 1132 2490 marshbranohsl
1154 2420 1191 2473 H

244 2525 259 2574 5
283 2520 383 2576 multas
406 2519 526 2591 ineptias
546 2521 691 2576 deteriores
713 2520 852 2587 nonnulli,
877 2521 914 2575 R.
935 2522 1085 2591 Stephanus
1108 2491 1276 2598 multiflu-

245 2622 328 2694 eprus
339 2625 396 2678 AB
412 2609 516 2701 multas
523 2608 646 2694 ,ineptus
663 2625 699 2690 (in
710 2603 913 2694 morp'inultul'
928 2625 960 2690 &l
979 2624 1016 2676 H
1096 2624 1201 2691 [Voluit
1218 2642 1277 2679 cor·

243 2732 330 2780 ieeur
347 2724 451 2780 multus
470 2707 497 2780 et
513 2726 624 2804 ineptus
648 2730 689 2792 (ut
706 2726 809 2781 multus
828 2732 856 2780 et
872 2726 1009 2793 insolens,
1029 2726 1133 2782 multus
1152 2734 1180 2782 et
1196 2727 1277 2782 odio-

245 2831 300 2878 sus,
320 2812 407 2866 multa
425 2818 453 2866 et
468 2810 604 2878 molesta),
621 2815 692 2882 quod
710 2818 758 2867 aut
774 2813 955 2884 recipiendum
972 2819 1020 2866 aul
1036 2813 1216 2868 obiiciendum
1233 2820 1278 2868 to-

244 2905 299 2954 lum
317 2904 369 2964 est,
389 2917 444 2952 non
460 2898 618 2952 abutendum
635 2903 665 2952 ul
682 2900 744 2952 inde
761 2899 901 2970 efficiatur
918 2900 995 2952 aliud
1094 2898 1177 2954 elatio
1197 2902 1278 2954 codex

244 2986 273 3039 S.
292 2985 416 3050 Victoris,
438 2984 474 3037 R.
488 2985 640 3054 Stephanus
658 2984 736 3038 dacio
754 2985 818 3038 BH
832 2983 910 3038 dac1o
928 2984 975 3037 sed
992 3001 1006 3038 c
1023 2991 1153 3038 innatum
1171 2986 1200 3039 in
1216 3004 1232 3038 τ
1248 2988 1277 3039 Α

331 3074 405 3143 unni
421 3073 586 3158 rnpudenui
605 3087 674 3157 [fnit
690 3087 828 3158 utrobique
840 3091 862 3154 a)
879 3089 907 3140 Α
925 3085 1028 3141 summa
1044 3087 1236 3158 inpudentiam
1248 3091 1278 3143 B

245 3173 347 3228 summi
368 3174 559 3249 inpudentiam
580 3175 632 3240 (sie)
654 3175 690 3228 H
792 3174 879 3240 [Quod
890 3173 973 3243 posui
988 3178 1018 3226 ul
1031 3174 1156 3243 proxime
1174 3174 1278 3228 aceedit

245 3261 281 3313 ool
295 3261 398 3314 litteras
416 3260 538 3326 traditos,
560 3278 613 3314 non
631 3263 778 3324 correctas,
798 3259 838 3312 ito
857 3259 1036 3313 concinnitate
1052 3259 1182 3312 orationis
1200 3261 1277 3314 odin-

245 3352 340 3400 uotur:
354 3341 446 3399 ‘cuius
463 3343 617 3415 loquacitas
635 3344 718 3398 habet
736 3342 842 3415 aliquid
859 3344 1038 3414 argutiarum,
1058 3344 1088 3398 in
1106 3345 1278 3400 orationibus

244 3431 345 3486 multas
357 3429 499 3502 ineptias’;
520 3437 546 3484 et
558 3428 723 3502 ‘loquacitas
741 3430 825 3484 habet
842 3429 943 3484 multas
957 3429 1085 3501 ineptias,
1107 3429 1189 3485 elatio
1206 3449 1279 3487 sum-

245 3535 316 3570 mam
344 3515 566 3587 impudentiam'.
598 3535 647 3587 quo
677 3517 765 3570 minus
794 3535 891 3587 sequar
915 3517 1078 3571 Mommscni
1100 3517 1278 3571 coniecturam

247 3603 384 3666 (chronol.
392 3606 469 3673 pilo)
478 3601 581 3657 latinis.
593 3602 627 3656 In
638 3601 811 3657 orationibus
823 3609 915 3657 autem
925 3600 1012 3657 multa
1025 3610 1067 3658 set
1077 3601 1171 3673 inepta
1184 3602 1277 3670 elatio,

247 3706 351 3742 summa
368 3687 549 3758 inpudentia,
569 3687 750 3758 compluribus
763 3689 922 3758 probolam,
943 3707 1010 3759 quoe
1030 3707 1077 3743 nec
1094 3689 1193 3742 nititur
1209 3689 1279 3742 seri-

242 3778 327 3845 pturo
340 3775 484 3845 primitius
496 3779 522 3827 et
536 3775 598 3845 apso
608 3778 707 3846 sonno
725 3779 915 3829 etstruetorae
929 3792 1023 3845 penne
1035 3793 1136 3844 purum
1152 3793 1280 3828 commen·

247 3861 310 3914 dori
323 3860 446 3914 uidetur:
466 3867 579 3915 ceterum
594 3858 721 3914 elationis
738 3858 910 3930 impudentia
928 3865 997 3914 recle
1015 3861 1114 3914 dioillo
1128 3861 1154 3914 si
1166 3860 1280 3930 quidem]

246 3945 416 4016 impudentia
434 3947 552 4001 cuiusuis
569 3946 611 4000 rei
627 3951 674 4012 est,
690 3963 755 4017 quoe
772 3947 880 4000 modum
895 3945 1016 4000 wcedot:
1036 3947 1068 4000 de
1080 3963 1117 3999 or.
1131 3947 1155 4011 3,
1170 3947 1213 4011 43,
1230 3947 1280 3998 169

247 4031 386 4086 abutimur
410 4049 491 4103 saepe
516 4032 598 4086 etiam
621 4032 707 4086 uerbo
732 4049 787 4085 non
810 4038 866 4086 tam
887 4030 1026 4102 eleganter
1044 4048 1126 4102 quam
1143 4030 1172 4085 in
1190 4036 1278 4085 trans-

245 4116 374 4182 ferendo,
402 4118 450 4173 sed
474 4117 581 4172 etiamsi
603 4115 733 4172 licentius
756 4124 847 4172 tamen
870 4117 1009 4172 interdum
1032 4136 1087 4171 non
1104 4115 1281 4186 impudenter

251 4204 391 4268 (Horatius
408 4203 520 4258 licentia
538 4212 647 4274 sumpta
664 4204 825 4275 pudenterlz
847 4205 892 4259 cui
904 4203 1042 4258 contrario
1058 4208 1097 4256 est
1111 4201 1280 4256 uerecundia
