3252 4964
660 431 789 509 112l,55
1182 453 1234 510 141

210 643 289 685 uero
312 632 380 684 tam
403 619 574 698 denicales,
600 640 682 701 quac
706 639 827 680 aneae
850 618 1031 701 appellatae
1054 629 1139 696 sunt,
1165 619 1242 701 quia

211 723 395 788 residentur
421 720 566 800 mortuis,
597 743 695 803 quam
721 723 912 784 ceterorum
926 721 1116 785 caelestium
1139 721 1241 804 quieti

211 826 279 891 dies
302 826 401 890 feriae
423 824 680 902 nominarentur,
705 823 769 887 nisi
791 824 928 887 maiores
951 846 1013 902 eoa,
1036 825 1093 907 qui
1115 847 1157 889 ex
1178 825 1240 888 hac

210 929 280 992 uita
302 929 503 1013 migrassent,
527 927 563 990 in
586 927 720 992 deorum
742 949 880 990 numero
896 949 964 991 csse
980 927 1169 991 uoluissent.
1187 949 1240 991 eas

210 1033 322 1096 ineos
346 1031 414 1095 dies
437 1030 583 1094 conscire
606 1029 665 1107 ius,
691 1041 728 1093 ut
750 1052 811 1093 nec
834 1029 936 1114 ipsius
958 1052 1066 1113 neque
1088 1029 1239 1114 publicae
1257 1058 1269 1096 ⁵

211 1135 310 1200 feriae
340 1134 414 1198 sint.
444 1144 576 1216 totaque
602 1132 702 1196 huius
728 1132 808 1197 iuris
835 1133 1015 1217 conpositio
1043 1133 1240 1216 pontificalis

211 1259 364 1322 magnam
391 1236 583 1322 religionem
613 1235 908 1320 caerimoniamque
944 1237 1099 1312 declarat3
1132 1258 1239 1319 neque

211 1362 341 1405 necesse
368 1351 416 1404 cst
443 1339 575 1403 edisseri
603 1338 744 1416 anobis,
770 1361 853 1422 quae
876 1342 951 1404 finis
973 1339 1121 1404 funestae
1144 1339 1240 1402 fami-

211 1443 281 1522 liae,
307 1443 394 1525 quod
423 1463 527 1526 genus
553 1442 704 1505 sacrificii
730 1443 808 1507 Lari
835 1442 1029 1506 ueiuecibus
1051 1444 1117 1520 fiat,
1143 1464 1241 1526 quem

210 1753 286 1789 nasa
305 1735 333 1788 Β
350 1730 516 1804 *torquatus
531 1736 558 1786 A
576 1732 741 1803 atorquatos
758 1736 794 1789 H
892 1733 1011 1804 Popillia
1028 1735 1175 1789 Lambinus
1189 1748 1240 1804 po·

210 1819 293 1892 pirha
313 1820 410 1890 Unuca
428 1817 541 1890 popuha
557 1818 670 1885 uidetur)
690 1823 717 1873 A
736 1819 839 1891 popiha
858 1821 923 1874 BH
1009 1837 1110 1874 *since
1128 1823 1164 1884 A,
1178 1821 1242 1889 suit

209 1912 239 1960 ut
256 1907 363 1960 indetur
379 1922 479 1959 necnec
500 1905 547 1971 [eic
564 1912 594 1958 ut
612 1906 697 1959 estin
717 1907 754 1960 H
755 1909 762 1972 l
843 1908 854 1958 1
875 1914 931 1959 tam
949 1905 1087 1960 dcnicales
1106 1909 1241 1959 Aemarua

210 1993 380 2046 Rancouetus
398 1991 471 2061 apud
494 1991 658 2054 Turnebum,
681 1991 714 2044 R.
736 1992 889 2060 Stephanus
909 1990 1048 2044 tandelica
1064 1990 1110 2044 lex
1127 1993 1193 2046 ΑΗ
1209 1998 1241 2045 τᾶ

210 2063 313 2160 dehdi'j
330 2093 376 2148 lex
393 2095 422 2148 Β
535 2094 692 2173 quqlauece
710 2092 830 2165 apellare
850 2094 1019 2147 Hciueianus
1036 2112 1124 2163 quaea
1140 2112 1191 2148 nec
1209 2113 1241 2148 ea

211 2179 350 2252 appellata
367 2183 395 2232 A
413 2196 483 2249 quae
502 2198 536 2232 an
556 2197 587 2233 ea
604 2178 763 2250 appellante
781 2183 809 2235 Β
924 2182 939 2231 2
957 2178 1073 2234 mortuis
1093 2180 1241 2234 Saluianus

212 2270 259 2330 (ad
278 2266 370 2320 Plauti
387 2265 472 2336 Epiri.
488 2266 512 2330 3,
528 2267 553 2330 4,
571 2267 614 2330 33]
634 2283 738 2320 mortui
756 2267 809 2320 AB
833 2283 943 2318 montui
963 2267 999 2319 H
1001 2288 1009 2326 ,·
1034 2268 1130 2335 cousin
1148 2265 1244 2318 Plauti

212 2355 285 2423 Oapt.
299 2354 323 2418 3,
339 2355 361 2417 1,
375 2354 389 2404 8
408 2358 505 2404 uenter
524 2358 673 2421 gutturque
691 2351 813 2405 resident
831 2350 962 2404 esuriales
974 2350 1066 2404 serias.
1083 2351 1170 2404 Prane
1183 2369 1240 2403 cum

210 2440 273 2494 olim
291 2446 346 2494 'tum
364 2455 456 2492 rursus
474 2455 560 2507 nuper
577 2437 642 2507 quia
660 2437 720 2490 neci
740 2437 840 2491 dantur
859 2434 1026 2501 lucidentur)
1040 2435 1142 2489 mortui
1156 2437 1243 2490 conie-

209 2530 306 2590 cerunt,
329 2523 452 2594 qnoniam
470 2542 524 2577 uon
542 2528 608 2588 erat,
628 2525 699 2593 quad
717 2521 882 2576 denicalium
893 2539 988 2576 nomeu
1006 2522 1060 2574 iam
1079 2527 1140 2576 aute
1158 2524 1242 2594 capli-

210 2615 297 2664 catnm
315 2610 410 2663 iterum
428 2609 615 2679 explicaretur,
629 2610 676 2662 sed
687 2609 736 2662 iioc
748 2609 884 2678 apedatnr,
898 2613 936 2671 ut,
951 2625 999 2661 car
1011 2605 1148 2662 denicales
1160 2627 1242 2678 aeque

209 2697 406 2766 stipendiorum
420 2696 503 2765 quieti
518 2696 575 2750 dies
587 2692 673 2748 feriae
686 2695 893 2759 nominarentur,
909 2694 1117 2762 iutelliqeretum
1131 2694 1161 2748 id
1173 2697 1243 2764 quod

209 2801 238 2835 ea
248 2785 297 2854 fit,
318 2781 381 2851 qaia
391 2781 531 2852 feriamur
548 2782 667 2836 mortuis
790 2797 845 2849 qua
862 2783 890 2834 B
907 2797 973 2850 quia
990 2783 1089 2848 Aqua
1109 2781 1145 2833 H

208 2867 372 2948 cqtclrorum
391 2868 427 2921 H
508 2867 592 2970 quisti
611 2867 683 2933 (ai
671 2886 701 2920 tn
718 2871 823 2931 rasura)
842 2872 867 2920 A
957 2865 1061 2919 aferic
1078 2868 1144 2921 BH

208 2988 384 3025 nominarent
403 2973 439 3025 H
523 2935 624 3024 ediiita
643 2972 669 3022 A
772 2966 883 3022 5teos
901 2969 948 3034 (t'
936 2988 965 3022 nr
983 2987 1089 3033 rasura,
1104 2969 1166 3040 fuit
1176 2971 1242 3038 for-

207 3064 277 3112 tasse
294 3055 376 3122 meos]
397 3057 433 3110 H
531 3055 658 3110 canifera
672 3056 742 3123 (sart
759 3073 821 3108 cum
839 3055 905 3120 sere)
919 3058 947 3107 A
1050 3055 1094 3108 ius
1108 3061 1149 3108 est
1161 3057 1242 3108 Lam

209 3161 285 3214 binae
399 3165 432 3213 ut
448 3175 498 3212 nec
516 3158 604 3229 ipsius
622 3174 711 3227 neque
729 3159 901 3212 Asceueiaua
918 3175 953 3211 ut
971 3175 1005 3211 nc
1023 3155 1110 3227 ipsius
1127 3131 1197 3226 (ipsi
1198 3123 1238 3221 B)

208 3263 298 3315 neque
312 3249 384 3316 (neq)
397 3245 489 3300 ΑΒΗ
496 3251 528 3296 ut
539 3260 628 3312 neque
645 3242 734 3313 ipsius
752 3261 840 3313 neque
859 3244 1002 3297 deteriores
1015 3243 1139 3312 plerique
1157 3249 1188 3296 ut
1206 3259 1240 3295 ne

207 3331 297 3402 ipsius
314 3349 385 3384 neue
402 3349 416 3384 e
434 3330 512 3385 tiara
534 3329 696 3384 Goereuiiue
715 3331 797 3399 (quod
816 3330 973 3399 Madui'qiui
992 3329 1024 3382 de
1033 3331 1090 3400 flu.
1111 3330 1134 3394 1,
1149 3331 1191 3392 20,
1206 3331 1239 3380 67

203 3417 321 3488 probare
331 3418 445 3482 uidetur)
459 3425 490 3470 ut
502 3415 589 3486 ipsine
601 3432 691 3485 neque
704 3417 892 3471 Mommsanus.
912 3417 955 3469 De
968 3415 1127 3484 pronomine
1140 3413 1237 3484 ipsius,

207 3505 277 3574 qnod
291 3523 346 3558 riou
364 3504 400 3557 ad
415 3507 549 3556 mortuum
567 3503 613 3556 sed
630 3503 666 3555 ad
676 3503 771 3571 ferias
788 3507 909 3572 apartium
930 3503 1056 3572 refertur,
1077 3499 1138 3554 uide
1157 3500 1240 3554 Mad-

205 3590 309 3660 ue'yium
320 3590 339 3642 i.
352 3608 383 3655 c.,
397 3591 608 3643 Salicernaunum
622 3589 660 3653 (de
667 3593 742 3657 port.
755 3593 821 3641 crat.
829 3605 861 3657 p.
877 3590 916 3652 46)
1000 3584 1109 3656 pubhae
1123 3586 1159 3639 H

206 3681 221 3728 6
240 3673 396 3746 conpositio
413 3679 449 3741 A,
470 3694 531 3730 corr
548 3694 580 3729 aa
597 3671 752 3744 conpositis
763 3675 792 3727 B
809 3670 971 3742 composino
986 3674 1023 3726 H
1122 3675 1136 3722 7
1156 3688 1240 3726 caeri-

206 3787 298 3836 monia
315 3771 385 3850 quie
397 3780 425 3833 Β
436 3783 601 3832 caerimonia
612 3793 681 3846 que*
696 3781 718 3841 (e
730 3780 797 3841 corr)
811 3780 838 3829 A
851 3793 1026 3830 cerimoniem
1038 3791 1091 3856 quq
1106 3777 1142 3830 H

207 3881 329 3938 declaret
348 3883 476 3938 Baiterne
493 3881 580 3935 nerem
598 3899 633 3934 an
652 3880 768 3934 consalta
874 3881 889 3931 8
907 3876 1018 3932 funeste
1030 3879 1057 3932 Β
1161 3879 1239 3932 sami·

205 3986 266 4058 lieq;
286 3984 374 4056 genus
391 3987 427 4040 H
526 3987 541 4036 9
560 3981 626 4037 Lari
638 3983 787 4038 Lambinus
803 3980 862 4036 lare
881 3982 977 4036 ΑΒΗ
1077 3955 1241 4049 uerliecibus

207 4077 234 4128 A
252 4073 337 4127 uerba
355 4073 404 4133 cib;
418 4073 446 4126 B
463 4066 622 4125 uerbicibus
632 4071 668 4124 H
673 4089 678 4132 ;
699 4070 809 4123 linerent
820 4069 850 4122 iu
861 4068 904 4121 liis
916 4073 941 4121 at
953 4066 1117 4120 ueruecibns
1130 4066 1235 4127 tollunt,

206 4160 253 4215 aad
267 4159 330 4214 iaec
348 4159 387 4212 sic
404 4157 522 4228 iuteliiqi
531 4160 651 4226 oportere
663 4157 762 4210 sentio.-
781 4171 837 4208 non
848 4170 960 4208 necesse
973 4159 1015 4207 est
1026 4149 1149 4215 edisseri,
1164 4146 1239 4218 quod

206 4263 294 4317 genus
313 4243 439 4300 sacrificii
458 4244 495 4298 sit
512 4240 591 4306 illud,
610 4240 684 4310 quod
703 4241 768 4294 Lari
785 4239 950 4294 ucruccibus
968 4238 1016 4292 fiat
1113 4252 1195 4304 quem
1207 4235 1243 4288 H
