3250 4974
532 432 693 472 PRAEFATIO
711 432 809 472 NOVAE
827 431 974 474 unmoms
1211 439 1271 484 xlx

239 614 358 676 genera
381 591 542 676 descripta
565 592 627 656 hoo
654 593 726 656 loco
749 591 910 656 recenseri
932 591 1016 654 nihil
1039 592 1168 672 attinet,
1195 614 1270 655 curn

238 712 429 795 praesertim
444 713 604 795 quaedam
621 713 771 796 grauiora
792 713 828 776 in
851 712 1091 776 commentariis
1106 713 1271 796 tetigerim

239 843 272 896 ct
294 834 428 898 omnino
451 833 551 896 huius
573 833 650 896 libri
672 844 824 897 naturam
847 845 933 897 recte
948 833 1093 896 iudicare
1112 855 1179 896 non
1195 855 1270 917 pos-

239 954 281 1018 sit
303 953 367 1017 nisi
388 953 445 1036 qui
467 975 599 1016 omnem
622 953 692 1017 eius
714 954 865 1018 lectionis
887 954 1080 1017 uarietatem
1101 975 1159 1037 per
1181 975 1214 1016 se
1237 963 1271 1016 et

240 1096 317 1137 curn
345 1074 513 1139 Vossianis
542 1074 695 1139 collatam
725 1085 874 1139 accurate
905 1073 1151 1138 examinauerit.
1183 1074 1271 1157 quod

240 1217 304 1278 quo
327 1194 456 1259 facilius
484 1195 556 1259 fieri
583 1195 698 1278 possit,
724 1197 880 1278 quoniam
909 1195 993 1258 mihi
1019 1196 1120 1258 fidem
1142 1217 1271 1258 asseue-

240 1317 326 1380 ranti
340 1339 408 1380 non
422 1317 617 1395 habuerunt,
636 1338 674 1380 eo
689 1317 782 1379 illam
804 1316 983 1380 adnotandi
1005 1315 1188 1380 molestiam
1203 1337 1271 1379 non

241 1437 429 1501 detrectaui

304 1558 453 1621 Tertium
468 1580 532 1641 quo
548 1558 707 1622 Iordanus
729 1558 765 1621 in
788 1580 881 1621 suam
904 1580 973 1621 rem
995 1579 1074 1621 usus
1096 1567 1145 1620 est
1160 1579 1272 1620 exem-

239 1679 341 1763 plum,
366 1700 564 1762 quamquam
586 1679 622 1741 in
645 1679 854 1743 adnotatione
876 1679 1060 1763 perstrinxi,
1086 1688 1197 1742 tamen
1217 1677 1272 1740 hic

241 1821 369 1883 quoque
382 1800 568 1884 disceptabo
577 1801 700 1884 paucis.
716 1808 834 1885 p.95,6
848 1800 941 1863 tenui
952 1800 1040 1883 quod
1055 1799 1135 1863 olim
1149 1799 1185 1861 in
1201 1808 1272 1861 tex-

240 1929 279 1984 tu
293 1944 465 2006 posueram
479 1924 605 2006 Quoque
617 1923 692 1986 bueo
699 1922 857 2004 priuatim
867 1931 896 1985 et
903 1922 1032 2004 publice
1045 1923 1135 1984 modo
1146 1920 1272 2003 rituque

227 2041 338 2125 flaut,·
359 2042 513 2125 idemque
530 2065 661 2106 mecum
677 2043 883 2107 consentiens
905 2043 1065 2107 Iordanus
1080 2040 1190 2119 edidit,
1209 2038 1273 2102 nisi

242 2163 403 2246 quodque
419 2185 556 2248 quaeque
577 2164 714 2248 scripsit,
733 2165 820 2246 quod
835 2164 912 2246 quia
935 2163 1123 2227 coniectura
1145 2161 1270 2239 nititur,

242 2285 282 2346 ab
296 2283 358 2347 hac
374 2284 563 2367 quaestione
581 2283 694 2348 licebit
717 2306 894 2348 remouere.
911 2295 960 2348 est
976 2295 1086 2348 autem
1101 2283 1159 2346 illa
1174 2302 1273 2365 quam

241 2404 447 2468 restituerem
468 2404 646 2468 Heinsiani
668 2405 788 2468 codicis
811 2405 979 2489 scriptura,
1005 2426 1104 2487 quam
1118 2403 1273 2466 Halmius

242 2535 432 2609 aspernatus
443 2527 540 2610 plane
552 2525 711 2589 incertam
723 2548 791 2589 esse
801 2525 967 2590 Ciceronis
979 2525 1160 2589 orationem
1171 2524 1275 2608 scrip-

242 2656 327 2710 serat
348 2648 389 2710 ob
413 2669 485 2710 earn
508 2669 639 2711 causam
655 2647 732 2730 quia
753 2647 790 2710 in
811 2649 842 2711 A
864 2648 965 2710 uerba
986 2648 1077 2710 modo
1098 2646 1222 2728 rituque
1237 2645 1273 2708 in

242 2766 313 2830 loco
336 2789 406 2831 raso
430 2778 561 2832 exarata
580 2778 665 2847 sunt,
683 2771 711 2830 B
727 2778 838 2831 autem
859 2768 946 2830 hanc
969 2767 1112 2851 speciem
1132 2767 1275 2850 scriptu-

242 2910 296 2951 rae
319 2888 411 2952 offert
426 2890 585 2972 publicem
608 2911 686 2974 quae
702 2890 792 2973 fluat
813 2889 1040 2973 superscriptis
1062 2890 1151 2951 modo
1173 2887 1273 2971 rituq.

243 3021 276 3072 et
297 3010 353 3072 ille
376 3032 469 3074 meus
484 3009 701 3073 calumniator
717 3011 835 3073 clamat
851 3011 892 3072 ad
907 3009 1035 3073 Halmii
1050 3008 1192 3072 rationes
1207 3030 1275 3072 esse

244 3130 464 3211 redeundum,
490 3131 679 3195 succinente
710 3132 810 3195 altero
832 3124 885 3193 ‘ad
907 3130 1035 3193 Halmii
1060 3140 1093 3194 et
1120 3126 1273 3193 Baiteri':

245 3252 337 3334 quasi
359 3274 438 3316 uero
455 3274 515 3337 ego
533 3253 572 3316 de
590 3252 719 3315 Halmii
741 3262 775 3315 et
796 3252 918 3316 Baiteri
940 3251 1094 3324 laudibus
1117 3251 1276 3314 detraxis-

244 3394 312 3435 sem
328 3383 385 3436 aut
407 3373 534 3436 detrahi
557 3372 743 3453 noluissem,
758 3395 837 3456 quas
852 3384 962 3457 aperte
978 3371 1216 3457 praedicarem:
1240 3371 1277 3434 in

243 3495 371 3578 Legum
393 3505 504 3558 autem
526 3493 617 3557 libris
639 3493 909 3578 recognoscendis
924 3494 1004 3576 quid
1020 3515 1127 3576 quoue
1142 3491 1276 3556 nomine

243 3615 384 3678 maxime
407 3616 447 3678 ab
463 3615 590 3678 Halmii
612 3615 799 3698 Baiterique
823 3637 920 3699 opera
942 3636 1016 3678 mea
1038 3614 1226 3691 discederet,
1245 3622 1278 3676 et

245 3734 323 3798 olim
352 3736 484 3821 agnosci
511 3746 639 3819 poterat
665 3746 698 3799 et
726 3757 816 3799 nunc
843 3745 881 3798 ut
902 3736 1001 3820 paulo
1025 3735 1125 3799 etiam
1146 3733 1277 3819 plenius

245 3867 494 3940 cognosceretur
517 3856 639 3936 curaui,
665 3878 864 3939 quamquam
886 3879 928 3920 ne
951 3877 1041 3918 nunc
1057 3855 1191 3939 quidem
1210 3854 1278 3918 sin-

245 3975 323 4058 gula
345 3999 493 4060 quaeque
524 3987 637 4043 notare
660 3978 769 4055 uolui;
794 3977 833 4040 de
856 3976 1041 4040 Heinsiano
1064 3997 1143 4040 uero
1167 3975 1277 4039 codice

120 4073 136 4102 ⁸
157 4087 169 4115 ’“
190 4160 192 4164 ,
248 4094 295 4158 ita
310 4097 351 4159 ab
358 4098 492 4161 Halmio
510 4099 748 4177 dissentiebam,
763 4107 800 4161 ut
811 4119 870 4182 ego
884 4097 1004 4162 rectius
1018 4097 1118 4161 huius
1132 4095 1208 4160 libri
1219 4117 1279 4157 na-

249 4225 323 4281 tura
334 4229 505 4302 perspecta
515 4219 590 4302 plus
602 4219 815 4282 tribuendum
827 4241 895 4282 esse
912 4219 982 4282 eius
993 4217 1187 4282 testimoniis
1203 4238 1281 4279 cen-

1031 4339 1072 4392 b*
