3260 4968
342 440 402 500 124
716 447 740 488 11
759 435 799 499 16,
814 435 846 487 41
859 463 894 473 -
908 435 948 498 17,
963 436 996 485 42

340 630 423 692 quac
446 618 521 671 ante
544 607 655 670 oculos
681 617 767 686 sunt,
797 629 836 670 ea
859 607 969 691 potius
999 605 1175 690 adtingam,
1205 606 1265 670 etsi
1291 606 1373 669 haec

340 710 604 775 commemoratio
627 731 743 773 uereor
764 732 806 773 ne
829 731 927 794 supra
949 709 1092 773 hominis
1114 708 1282 772 fortunam
1304 730 1373 772 esse

340 814 500 893 uideatur,
531 825 654 893 tamen,
684 813 841 896 quoniam
868 833 974 877 sermo
1000 811 1083 875 mihi
1111 822 1159 875 est
1186 813 1275 896 apud
1303 834 1370 892 uos,

339 917 425 980 nihil
447 917 589 982 reticebo
613 917 788 999 nolamque
810 916 881 995 hoc,
907 917 995 999 quod
1016 916 1139 998 loquar,
1165 915 1228 979 diis
1249 916 1374 979 inmor-

310 1021 461 1085 stalibus
488 1031 619 1106 gratum
644 1018 753 1102 potius
780 1018 887 1082 uideri
914 1041 1013 1102 quam
1035 1041 1145 1104 graue.
1169 1019 1280 1083 omnia
1302 1004 1428 1082 tum17

339 1123 544 1208 perditorum
563 1123 690 1185 ciuium
704 1122 825 1186 scelere
841 1121 985 1186 discessu
1000 1144 1073 1185 meo
1089 1121 1287 1207 religionum
1302 1121 1375 1185 iura
1385 1099 1426 1154 4²

245 1267 249 1276 «
340 1227 467 1310 polluta
494 1237 579 1305 sunt,
608 1225 721 1289 uexati
746 1225 850 1288 nostri
871 1226 971 1290 Lares
993 1225 1178 1304 familiares,
1203 1225 1376 1289 incorum

341 1329 472 1394 sedibus
495 1329 746 1392 exaedificatum
768 1329 929 1412 templum
951 1328 1128 1408 Licentiae,
1153 1328 1269 1412 pulsus
1285 1349 1303 1389 a
1318 1327 1376 1391 de-

341 1432 444 1496 lubris
459 1432 495 1512 is,
514 1432 571 1516 qui
585 1432 645 1495 illa
659 1442 817 1496 seruarat:
835 1431 1075 1516 circumspicite
1092 1432 1241 1496 celeriter
1256 1430 1374 1510 animo,

300 1555 325 1596 1⁰
341 1535 428 1598 m'hil
443 1534 533 1600 enim
547 1536 666 1599 attinet
688 1556 887 1618 quemquam
909 1535 1081 1615 nominari,
1100 1536 1158 1619 qui
1179 1535 1246 1599 sint
1267 1556 1378 1598 rerum

342 1789 593 1862 plectrracoeldrae
605 1795 633 1847 B
651 1791 739 1862 plac&
748 1765 883 1871 iaioedre
902 1794 939 1847 H
952 1798 1017 1845 sunt
1033 1789 1131 1862 plenae
1148 1791 1308 1862 tragoediae
1321 1793 1378 1844 As-

342 1894 470 1948 censiana
487 1894 585 1966 plenae
602 1893 762 1964 tragoediae
781 1894 916 1949 Victorius
1045 1896 1056 1946 1
1077 1913 1164 1965 queae
1182 1898 1211 1949 A
1331 1913 1379 1965 po·

343 1980 403 2035 crus
417 1983 445 2036 B
550 1979 693 2049 adungam
711 1998 771 2033 corr
789 1979 937 2049 adnnganr
953 1983 982 2033 A
1000 1999 1145 2051 amnganr
1161 1982 1227 2036 BH
1326 1979 1379 2034 etsi

343 2067 411 2120 haec
428 2085 470 2120 om
490 2068 527 2121 H
637 2068 652 2118 2
676 2083 896 2120 commemoratio
914 2068 942 2119 A
966 2083 1115 2121 comerano
1135 2068 1172 2121 H
1281 2082 1379 2119 uereor

349 2174 388 2235 (eo
401 2189 414 2222 e
427 2174 493 2236 corr)
510 2172 538 2223 A
626 2168 752 2223 hommes
766 2170 807 2232 H,
829 2187 890 2223 corr
908 2169 952 2223 ms
966 2172 1023 2224 AB
1109 2161 1294 2239 3mdeairiB

345 2273 433 2309 sermo
452 2275 495 2310 om
515 2256 551 2309 H
655 2273 707 2309 uos
726 2257 861 2308 Aemcrm
878 2254 1051 2309 Raneonetus
1068 2257 1143 2326 apud
1165 2255 1316 2310 Temnum
1335 2253 1383 2308 eol

344 2343 440 2397 ABH
549 2341 714 2397 traucebo
731 2342 767 2395 H
778 2355 779 2358 ’
879 2340 1199 2411 τὸιιοεῦονωκηιιοὴωφιθ
1222 2344 1266 2407 (uo
1284 2359 1301 2394 a
1320 2357 1381 2395 corr

344 2429 487 2481 addentra
503 2430 615 2494 uersum)
632 2429 661 2480 A
763 2425 899 2506 nolanusc
916 2430 944 2483 B
1048 2425 1210 2482 mmortales
1223 2443 1286 2482 corr
1294 2425 1340 2488 ha·
1353 2427 1381 2480 B

345 2529 550 2586 rmmorrahbul
566 2532 602 2585 H
710 2509 866 2597 5tum]ri1
886 2533 921 2586 H
941 2531 993 2598 (sic)
1112 2547 1196 2600 graue
1213 2527 1381 2584 hominibus.

346 2634 416 2688 Oum
434 2633 651 2705 perditorum-
662 2663 696 2672 —
714 2636 730 2685 9
750 2642 883 2700 seruarat,
904 2634 1107 2705 circumspicite
1125 2633 1289 2704 Maduiqius
1310 2633 1379 2702 Opp.

346 2721 446 2785 2151,
467 2737 533 2790 quae
553 2718 682 2773 Halmius
701 2720 881 2790 Baiterusque
900 2720 1069 2791 probarunt,
1094 2719 1216 2790 equidem
1237 2737 1302 2773 uera
1326 2735 1382 2772 esse

346 2805 414 2858 milri
426 2805 592 2875 persuadere
609 2823 663 2858 non
677 2805 766 2874 potui,
788 2806 836 2876 qui
847 2806 968 2878 primum
980 2805 1073 2860 omnia
1084 2804 1249 2875 religionum
1260 2804 1322 2859 iura
1333 2822 1382 2857 no·

348 2892 395 2946 tim
407 2891 510 2944 ncutari
526 2892 606 2960 (cons.
619 2892 652 2944 de
669 2890 759 2944 eadem
777 2909 806 2944 re
820 2910 875 2963 pro
886 2893 973 2946 Sestio
987 2895 1029 2958 26,
1044 2895 1077 2946 56
1088 2891 1186 2961 legem,
1207 2909 1278 2961 quae
1290 2889 1382 2944 omnia

346 2978 409 3032 iura
426 2975 642 3047 religionum
657 2975 778 3045 deleuit),
794 2978 890 3032 deinde
906 2983 969 3050 apte
988 2979 1059 3033 inter
1070 2997 1097 3032 se
1109 2979 1214 3048 opponi
1222 2980 1314 3046 putem
1327 2974 1382 3029 diis

347 3071 457 3134 gratum
473 3062 567 3134 potius
584 3080 667 3133 quam
684 3080 778 3133 graue
799 3064 826 3118 si
842 3065 947 3136 quidem
961 3064 1084 3120 Ciceroni
1099 3064 1245 3118 uerendum
1263 3067 1329 3128 erat,
1350 3080 1383 3116 ne

347 3150 447 3205 nimiae
464 3151 508 3204 sui
524 3150 624 3216 laudes,
645 3150 739 3216 quitus
757 3151 881 3222 deinceps
892 3152 985 3217 utitur,
1001 3171 1054 3206 non
1065 3156 1121 3204 tam
1132 3155 1226 3221 yram
1238 3149 1291 3203 diis
1303 3166 1384 3218 quam

348 3237 443 3291 iisdem
460 3254 557 3307 graues
574 3242 599 3289 et
615 3237 740 3290 molestae
762 3237 902 3312 (ἐπαχθεῖς)
925 3237 1081 3292 uiderentur
1087 3258 1096 3297 ,·
1112 3255 1197 3308 porro
1216 3242 1275 3289 tum
1293 3239 1319 3288 et
1336 3253 1383 3288 erc-

345 3324 467 3394 pticctur
484 3324 599 3394 quodam
616 3322 692 3377 modo
710 3323 813 3377 additis
831 3323 956 3378 discessu
974 3341 1034 3377 meo
1057 3326 1137 3395 (confi
1157 3322 1187 3376 in
1202 3321 1333 3386 Pisoni,
1349 3322 1380 3373 21

348 3408 442 3479 itaque
461 3408 584 3463 discessu
602 3416 662 3463 tum
679 3412 751 3475 meo)
772 3413 797 3462 et
813 3410 892 3463 tabet
914 3409 995 3462 etiam
1017 3410 1047 3463 c'n
1066 3409 1294 3480 praemissisque
1312 3411 1384 3479 rese·

348 3500 435 3558 ratur,
462 3495 557 3565 quidus
582 3514 637 3548 meo
656 3495 762 3566 quidem
779 3513 858 3550 sensu
876 3495 943 3548 satia
959 3495 1142 3567 significatum
1158 3500 1213 3560 est,
1239 3496 1272 3548 de
1290 3494 1384 3565 quadus

349 3584 375 3634 et
391 3579 469 3632 rebus
492 3584 518 3633 et
540 3581 700 3652 temporibus
724 3583 845 3635 dicturus
866 3580 902 3634 sit
924 3584 981 3651 (quo
999 3581 1070 3636 enim
1089 3582 1209 3652 pertinet
1225 3582 1294 3636 haec
1312 3597 1384 3635 com·

348 3664 555 3731 memoratio?)r
576 3667 688 3736 denique
698 3668 790 3736 suttor
803 3672 850 3720 aut
868 3665 1070 3738 circumspicite
1089 3668 1159 3738 quod
1176 3667 1319 3727 ἀσυνδέτως
1336 3669 1385 3720 ad·

349 3750 472 3819 iungitur
490 3755 515 3804 et
532 3752 575 3805 rei
590 3757 616 3805 et
633 3753 778 3807 sententiae
796 3756 841 3808 uei
856 3751 972 3830 manime
995 3752 1152 3808 conueniens
1174 3757 1221 3807 est.

350 3856 365 3907 6
384 3852 529 3908 discessum
546 3858 613 3908 eorr'r
629 3853 741 3924 legrom'r
759 3856 788 3909 B
805 3833 950 3927 drscellurir
967 3873 1063 3910 eorum
1078 3855 1220 3926 legionum
1238 3859 1275 3912 H
1288 3853 1386 3909 drlces·

349 3957 441 4012 fumeo
459 3955 631 4026 relegionum
646 3960 693 4012 sed
709 3976 740 4012 re
758 3959 788 4012 in
805 3977 902 4014 rasura
920 3962 948 4013 A
1038 3962 1053 4012 7
1071 3977 1158 4014 uexat
1174 3945 1248 4029 nirirr
1266 3961 1294 4014 B

349 4042 495 4098 famrlrarrs
511 4061 572 4098 corr
588 4041 634 4098 res
648 4044 677 4097 B
766 4047 782 4098 8
802 4045 996 4100 exedrficarum
1012 4048 1041 4099 A
1060 4044 1253 4100 exadrlicarum
1271 4046 1299 4099 B

350 4113 436 4218 prisus
452 4149 546 4202 ABH
646 4146 705 4201 91f
722 4146 744 4214 (s
759 4167 773 4202 e
791 4155 857 4214 corr)
879 4152 907 4203 A
1011 4147 1239 4219 circumlprlcrre*
1258 4146 1386 4202 celeriter

351 4235 389 4298 (re
401 4235 484 4304 priua
501 4252 564 4288 corr
580 4253 613 4288 ec
630 4237 669 4300 ce)
688 4236 717 4287 A
736 4234 893 4304 crrcdsprcrc
911 4234 1071 4290 eccelerrrer
1089 4252 1149 4288 corr
1166 4232 1387 4312 crrculprcrrhec·
