3250 4974
348 431 407 476 XVI
643 422 805 464 PRAEFATIO
823 423 920 464 NOVAE
938 422 1087 465 rnmoms

348 584 390 648 tis
421 584 462 647 ad
491 605 563 646 eam
586 582 810 665 quaestionem
832 583 960 647 delatus
983 605 1065 666 quae
1094 593 1142 647 est
1165 585 1205 646 de
1233 605 1381 648 sermone

347 702 454 788 prisco
478 723 576 786 quem
595 702 710 768 Cicero
732 704 769 767 in
790 704 903 788 legum
924 703 1045 767 tabulis
1067 703 1227 768 imitando
1250 726 1382 788 expres-

348 823 405 903 sit,
431 824 472 887 de
495 823 565 887 eius
587 823 634 886 rei
656 823 797 902 ratione,
822 846 842 886 a
863 845 916 887 me
939 834 972 887 et
993 824 1195 889 Buechelero
1218 846 1286 889 non
1307 847 1382 909 per-

349 954 469 1028 specta,
487 966 528 1006 ex
543 965 616 1007 mea
631 943 774 1008 editione
789 943 1011 1008 Heinsianum
1027 944 1172 1009 codicem
1195 945 1382 1030 negligente

350 1075 437 1129 recte
459 1064 599 1127 iudicari
621 1085 713 1148 posse
735 1063 884 1164 negauit,
907 1063 1018 1147 itaque
1041 1064 1188 1149 inspecto
1206 1065 1276 1149 ipse
1291 1065 1383 1129 iniis

350 1186 498 1270 partibus
513 1184 624 1248 codice
638 1184 698 1247 has
713 1185 841 1248 tabulas
864 1184 972 1247 denuo
988 1184 1130 1248 edendas
1153 1185 1283 1249 curauit
1304 1188 1383 1250 sub-

350 1305 436 1370 iecta
466 1305 675 1369 adnotatione
706 1304 830 1368 critica.
864 1327 947 1388 quae
971 1304 1105 1388 quidem
1134 1305 1383 1370 constitutiones

350 1437 389 1489 ut
411 1426 452 1489 ab
474 1425 531 1490 illo
554 1426 660 1489 editae
682 1436 761 1489 sunt
782 1425 895 1489 multis
917 1424 1022 1489 modis
1045 1447 1152 1489 amea
1173 1425 1209 1489 in
1230 1427 1270 1490 iis
1291 1449 1383 1491 reco-

351 1545 547 1632 gnoscendis
561 1545 720 1610 modestia
735 1544 916 1624 discedunt,
937 1545 995 1608 sed
1011 1547 1058 1627 (ut
1077 1546 1226 1611 omittam
1248 1547 1383 1612 festina-

351 1667 450 1730 tionis
473 1676 505 1730 et
527 1666 692 1731 socordiae
715 1664 855 1749 uestigia
876 1666 995 1748 multa)
1019 1666 1174 1750 pleraque
1197 1689 1284 1731 noua
1313 1668 1383 1731 edi-

350 1787 430 1851 toris
452 1786 585 1872 ingenio
607 1795 700 1870 parta
722 1796 813 1864 sunt,
837 1807 889 1849 eas
913 1785 1054 1850 rationes
1077 1787 1206 1852 criticas
1228 1788 1379 1872 amplexi,

352 1929 435 1991 quae
462 1917 499 1971 ut
526 1929 622 1991 saepe
649 1907 769 1969 multos
798 1906 834 1969 in
860 1908 1108 1971 admirationem
1131 1930 1244 1992 rapere
1266 1907 1380 1986 solent,

351 2028 397 2092 ita
420 2027 510 2105 mihi,
534 2027 562 2091 si
583 2026 662 2090 licet
683 2048 801 2090 uerum
823 2026 926 2106 fateri,
951 2050 1123 2112 peruersae
1146 2050 1184 2091 ac
1206 2049 1302 2112 saepe
1324 2027 1383 2091 uix

352 2148 504 2213 tirocinio
519 2147 632 2211 critico
647 2147 724 2210 satis
741 2145 859 2232 dignae
881 2147 1053 2227 uidentur;
1078 2170 1177 2231 quare
1192 2170 1297 2233 pauca
1313 2148 1383 2212 eius

352 2279 536 2334 commenta
557 2267 594 2331 in
616 2267 826 2331 adnotatione
849 2267 1029 2332 memoraui
1051 2277 1084 2331 et
1106 2268 1284 2348 confutaui,
1306 2267 1383 2332 reli-

352 2412 416 2473 qua
448 2399 485 2452 ut
513 2388 611 2452 nimis
634 2387 805 2452 temeraria
827 2399 884 2451 aut
906 2389 1045 2452 absurda
1067 2388 1197 2451 silentio
1219 2387 1379 2473 praeterii,

352 2511 446 2574 uelut
468 2510 508 2573 de
530 2509 602 2572 loco
625 2508 782 2592 impedito
798 2509 856 2590 qui
878 2518 926 2571 est
948 2509 988 2572 de
1003 2508 1166 2572 fetialium
1181 2508 1251 2572 iure
1271 2508 1312 2592 (p.
1331 2511 1380 2589 97)

352 2653 436 2714 quae
457 2628 645 2706 hariolator,
666 2628 810 2691 adhaec
833 2627 1000 2691 Ciceronis
1015 2650 1098 2711 quae
1120 2628 1252 2713 putauit
1263 2629 1383 2713 foede-

352 2772 423 2814 rum
442 2749 532 2832 pacis
553 2747 627 2812 belli
647 2746 842 2811 indutiarum
864 2755 1004 2811 oratores
1014 2749 1152 2833 fetiales
1174 2755 1273 2827 santo,
1298 2748 1383 2811 iudi-

353 2892 403 2934 cas
424 2891 486 2934 noa
507 2876 605 2946 secato,
630 2889 747 2952 parum
769 2867 828 2931 illa
850 2867 983 2951 quidem
1005 2868 1116 2946 latina,
1141 2891 1161 2931 a
1183 2869 1310 2932 ridente
1325 2868 1382 2934 Oi-

353 2989 480 3054 oeronis
494 2987 690 3052 sententiam
705 2989 826 3053 lectore
842 2989 1003 3073 adscripta
1018 3010 1087 3052 esse
1103 2991 1203 3052 uerba
1219 2988 1302 3053 bella
1316 2988 1382 3052 do-

353 3109 487 3193 eeptatio
506 3099 558 3191 (cf.
575 3108 642 3172 ind.
658 3109 732 3173 lect.
749 3115 871 3172 a.1880
888 3130 919 3192 p.
940 3112 1007 3193 14):
1028 3108 1107 3172 talia
1130 3109 1219 3173 enim
1240 3109 1382 3173 ludibria

234 3277 239 3292 .
353 3229 514 3295 obliuioni
537 3229 643 3292 danda
666 3251 727 3292 nec
750 3229 832 3292 serio
855 3228 1034 3293 refellenda
1056 3230 1177 3293 censui.
1207 3230 1265 3294 sed
1280 3229 1382 3293 codex

352 3349 563 3428 Heinsianus,
581 3349 675 3413 cuius
691 3371 787 3414 causa
801 3350 883 3413 haec
898 3350 1017 3413 edendi
1032 3371 1130 3433 opera
1144 3361 1274 3434 sumpta
1287 3339 1382 3433 prae'-

354 3471 490 3549 dicatur,
515 3470 542 3534 si
565 3469 637 3553 quis
660 3480 808 3553 quaerat,
833 3491 932 3552 quam
962 3469 1139 3534 utilitatem
1166 3470 1245 3533 huic
1268 3490 1383 3532 recen-

353 3592 439 3656 sioni
469 3589 630 3668 attulerit,
655 3592 756 3654 uerba
778 3590 840 3653 sibi
862 3589 932 3652 dari
957 3589 1135 3674 intelliget,
1160 3611 1266 3673 neque
1290 3587 1383 3672 quic-

354 3733 454 3795 quam
476 3733 517 3774 ex
536 3732 573 3774 eo
589 3710 671 3774 libro
688 3709 836 3794 petitum,
855 3732 919 3793 quo
935 3709 1074 3794 reposito
1090 3719 1203 3774 auctor
1217 3707 1383 3793 promissis

354 3831 479 3896 stetisse
495 3840 552 3894 aut
566 3852 682 3915 operae
697 3831 841 3915 pretium
856 3831 982 3894 edendo
997 3829 1111 3894 fecisse
1134 3829 1301 3906 uideatur,
1318 3848 1383 3911 qua

355 3974 434 4015 uero
445 3973 480 4014 re
495 3951 636 4015 maxime
658 3951 758 4015 huius
779 3951 855 4016 libri
875 3951 1018 4035 pretium
1041 3950 1277 4027 continebatur,
1295 3947 1383 4031 quod

353 4093 603 4155 nonnumquam
630 4071 807 4156 scripturas
829 4093 922 4134 ueras
944 4082 977 4135 ct
996 4070 1180 4154 primitiuas
1199 4069 1234 4132 in
1251 4067 1383 4134 Vossia-

352 4192 403 4257 nis
427 4192 610 4277 corrigendi
631 4191 768 4255 libidine
791 4202 931 4254 mutatas
954 4200 1011 4254 aut
1033 4192 1218 4254 obscuratas
1238 4187 1384 4252 seruauit
