3250 4974
674 429 686 469 1
705 417 745 481 15,
765 418 798 468 42
1211 420 1252 480 45

218 591 254 654 in
279 590 477 674 populorum
503 587 663 652 institutis
689 598 747 651 aut
772 587 909 672 legibus,
938 588 1088 666 etiamne,
1118 587 1145 651 si
1169 609 1252 671 quae

218 695 306 778 leges
328 692 395 756 sint
416 693 650 776 tyrannorumt
673 690 700 754 si
722 689 857 775 triginta
877 691 927 754 illi
942 690 1081 754 Athenis
1095 689 1184 775 leges
1198 691 1253 754 in-

219 818 340 881 ponere
371 794 553 858 uoluissent
583 804 641 857 aut
671 793 700 856 si
727 815 839 856 omnes
866 793 1082 857 Athenienses
1109 794 1253 858 delecta-

220 910 333 963 rentur
356 896 535 982 tyrannicis
556 897 692 981 legibus,
717 919 798 959 num
820 896 943 960 idcirco
966 918 1023 959 eae
1045 897 1133 981 leges
1147 896 1252 960 iustae

219 1003 438 1068 haberentur?
464 999 582 1079 nihilo,
614 1000 722 1077 credo,
753 999 856 1084 magis
882 999 952 1079 illa,
983 1021 1082 1082 quam
1106 1000 1253 1062 interrex

220 1116 330 1168 noster
351 1105 436 1183 tulit,
461 1114 500 1168 ut
521 1103 660 1166 dictator
683 1125 782 1186 quem
798 1103 900 1166 uellet
915 1102 1041 1166 ciuium
1056 1113 1114 1165 aut
1127 1102 1253 1165 indicta

221 1229 318 1270 causa
338 1207 465 1292 inpune
487 1217 595 1290 posset
617 1205 777 1269 occidere:
802 1216 850 1268 est
873 1205 961 1269 enim
984 1227 1089 1268 unum
1108 1205 1168 1283 ius,
1188 1227 1252 1288 quo

222 1311 375 1374 deuincta
403 1321 452 1374 est
478 1309 651 1373 hominum
678 1308 814 1372 societas
841 1320 874 1372 et
897 1309 984 1392 quod
1005 1309 1060 1371 lex
1084 1308 1254 1372 constituit

222 1436 301 1492 una3
326 1435 408 1496 quae
431 1414 486 1478 lex
508 1423 556 1476 est
578 1423 666 1475 recta
694 1412 776 1475 ratio
804 1411 989 1496 imperandi
1015 1422 1112 1494 atque
1140 1411 1254 1495 prohi-

225 1571 353 1578 —-——---
361 1573 531 1579 .„.—

224 1673 264 1736 15,
276 1673 308 1724 65
322 1670 346 1724 si
358 1687 428 1740 quae
440 1669 539 1725 ceteris
551 1669 579 1722 in
592 1669 699 1724 artibus
715 1675 763 1723 aut
781 1668 881 1723 studiis
901 1667 953 1722 sita
972 1674 1046 1732 sunt,
1067 1675 1160 1722 orator
1177 1667 1256 1738 igno·

222 1763 265 1810 ret
285 1762 446 1825 tantumque
464 1773 496 1809 ea
512 1762 618 1822 teneat,
639 1773 709 1825 quae
728 1753 831 1808 sintin
850 1753 1098 1830 disceptationibus
1123 1761 1206 1824 atque
1226 1753 1256 1807 in

222 1877 275 1912 usu
293 1857 406 1913 forensi.
503 1861 514 1911 1
535 1858 639 1913 &rimis
657 1877 719 1912 corr
735 1856 793 1912 neh
812 1859 838 1910 Β
855 1825 994 1922 ἃιέὼωιίί
1011 1876 1071 1911 corr
1088 1859 1118 1911 ia
1135 1856 1205 1922 neh)
1228 1859 1255 1909 A

224 1963 308 1999 enam
324 1945 375 1999 mli
392 1947 429 1999 H
526 1962 573 2015 qur
589 1943 708 2014 legrrhu
727 1963 787 1998 corr
804 1961 857 2023 que
873 1942 998 2014 legessnd
1010 1945 1038 1996 B
1055 1960 1107 2022 que
1124 1941 1257 2012 legissent

223 2049 284 2085 corr
299 2029 431 2100 legeffinr
442 2037 468 2086 A
485 2048 538 2111 que
554 2029 695 2101 letgessrnr
708 2032 745 2084 H
844 2033 859 2082 2
879 2037 944 2084 sunt
961 2031 997 2083 R.
1012 2031 1161 2099 Stephanus

222 2149 373 2204 tyrrannon
389 2137 417 2188 A
438 2140 565 2188 uranorsr
582 2137 611 2189 Β
633 2148 771 2204 tyrannos
789 2136 826 2188 H
957 2108 1100 2187 rllirhenrs
1115 2134 1180 2198 AB,
1201 2132 1259 2185 nisi

223 2218 818 2290 quodiaAaeerreau;rllrarhen1sH
908 2217 981 2288 legrs
990 2236 1052 2272 cerr
1063 2217 1094 2272 es
1101 2218 1158 2271 AB

223 2323 361 2377 imponere
379 2310 407 2361 A
422 2305 513 2376 legem
530 2323 632 2376 ponere
652 2308 689 2360 H
788 2306 803 2357 3
822 2312 870 2358 aut
888 2303 919 2370 si]
936 2304 988 2358 etsi
1007 2307 1039 2358 A.
1060 2305 1100 2359 W.
1115 2303 1257 2373 Zamptias

325 2391 495 2446 atheniensis
509 2411 570 2446 corr
588 2390 618 2446 es
633 2396 688 2447 AB
706 2389 882 2445 athemensel'
892 2393 927 2445 H
1021 2387 1220 2460 dryrrannrcrs
1229 2391 1256 2440 A

222 2477 368 2532 mannisis
382 2478 410 2531 B
426 2476 581 2549 tyranmers
596 2479 632 2532 H
731 2476 803 2546 legrs
817 2496 879 2531 corr
897 2475 926 2530 es
940 2479 996 2531 AB
1104 2473 1179 2528 1usra
1197 2491 1258 2527 corr

223 2563 313 2619 iustae
330 2565 387 2618 AB
491 2580 537 2643 ee*
559 2567 580 2643 (e
598 2563 691 2617 iares
709 2567 775 2629 corr)
797 2561 869 2632 legis
883 2561 955 2616 ruste
975 2564 1012 2618 H
1110 2564 1125 2612 5
1144 2560 1258 2614 habere-

223 2664 322 2704 renrur
339 2650 366 2702 B
383 2648 592 2728 heberehenrur
606 2641 634 2703 A
651 2649 820 2704 haberentur
833 2651 870 2704 H
950 2646 1036 2703 mehrl
1055 2649 1108 2714 (sie)
1129 2647 1163 2700 H

226 2757 242 2808 6
260 2771 311 2806 aur
327 2751 434 2806 indicta
451 2751 532 2807 causa
553 2756 622 2819 (corr
638 2752 788 2806 *urndrcrae
806 2752 893 2819 causa)
911 2755 938 2807 Β
956 2726 1116 2806 *svrndrcrd
1133 2748 1214 2804 causa
1234 2751 1258 2813 (v

225 2859 238 2892 e
256 2843 323 2906 corr)
345 2842 373 2892 A
391 2857 443 2892 aur
459 2838 566 2894 rnduta
584 2838 664 2893 causa
683 2839 852 2893 Heinsiaaas
949 2839 982 2891 Si
997 2855 1090 2892 aerum
1106 2842 1145 2890 est
1163 2843 1212 2889 aut
1227 2854 1259 2888 ae

225 2944 278 2980 isca
287 2929 411 2994 sortasse
424 2925 607 2998 dittoqrapiia
625 2925 676 2980 tati
693 2930 786 2978 natam
804 2941 961 2978 elutumelul
984 2924 1062 2994 (qaod
1078 2941 1160 2994 yeaas
1179 2922 1258 2975 ditto-

224 3011 353 3085 yrapiriae
370 3011 426 3064 siae
438 3015 577 3083 perfectae
594 3012 650 3064 siue
668 3012 807 3064 inchoatae
824 3012 935 3066 mattam
954 3015 993 3064 est
1009 3012 1039 3063 ia
1057 3009 1134 3064 tibris
1153 3007 1258 3061 Vossia-

225 3099 281 3164 ais,
301 3102 326 3150 et
343 3114 399 3151 cru1
420 3097 518 3151 abiisse
540 3098 570 3150 ia
594 3104 643 3151 aut
665 3098 814 3166 exemptam
831 3100 963 3150 monstrat
982 3095 1122 3164 Hauptias
1143 3093 1211 3162 app.
1231 3095 1256 3157 2,

226 3185 297 3250 321),
314 3185 360 3236 sed
377 3189 426 3236 aut
444 3183 470 3235 si
484 3201 576 3236 wem
594 3188 641 3246 est,
655 3183 804 3253 requiritur
815 3183 886 3251 qaod
904 3200 962 3235 eam
979 3179 1085 3234 indicta
1103 3195 1186 3232 causa
1198 3177 1257 3230 ien-

224 3274 320 3340 yatarr
339 3271 458 3339 quodque
470 3287 615 3338 posueram
631 3286 713 3340 quem
724 3266 811 3322 uellet
827 3267 931 3322 ciuium
942 3263 1145 3334 (indemnatum)
1158 3270 1207 3317 aut
1217 3261 1258 3315 in-

226 3354 299 3410 dicta
317 3372 401 3409 causa
418 3356 513 3409 coitate
531 3356 629 3409 Catone
646 3356 722 3426 epact
742 3355 859 3409 Gellium
873 3354 913 3417 13,
928 3354 970 3416 25,
987 3353 1018 3404 12
1031 3351 1125 3405 decem
1142 3348 1258 3403 homini-

224 3440 277 3496 bus
289 3440 376 3495 uitam
388 3439 473 3510 eripis
484 3439 589 3495 indicta
607 3459 698 3506 causa,
713 3439 882 3503 iniudicatis,
903 3436 1069 3492 indemnatis
1094 3439 1138 3506 (ef.
1151 3437 1188 3490 ad
1201 3436 1258 3490 He·

225 3547 300 3582 reaa.
320 3529 345 3592 4,
363 3529 406 3592 24,
421 3528 453 3578 33
471 3526 501 3580 in
518 3525 652 3581 iudicium
670 3525 829 3580 adduxisti?
847 3543 911 3579 non.
930 3522 1119 3578 indemnatum
1136 3521 1256 3585 necasti;

226 3616 257 3668 de
270 3617 346 3669 dorae
361 3616 401 3678 10,
415 3615 463 3678 26;
479 3615 536 3679 ai),
549 3615 614 3667 leaeo
631 3615 683 3668 duo
696 3619 721 3667 et
732 3619 794 3683 apte
812 3611 936 3682 componi
952 3615 977 3663 et
994 3613 1062 3663 reete
1075 3627 1127 3678 per
1139 3615 1187 3662 aut
1193 3626 1260 3678 par-

226 3701 335 3755 ticulam
352 3700 479 3770 coniaaqi
491 3704 627 3770 poteraut.
648 3717 712 3753 nam
729 3697 834 3753 indicta
851 3714 942 3762 causa,
956 3697 1034 3766 ,qaod
1053 3695 1259 3765 Feidhaeyelias

227 3787 341 3842 Halmio
354 3792 379 3840 et
390 3787 502 3840 Baitero
519 3786 653 3856 persuasit
669 3785 786 3857 atessam
805 3803 859 3838 esse
877 3785 913 3838 ad
930 3782 1043 3852 inpune,
1063 3799 1110 3834 aee
1129 3781 1260 3850 iuterpre-

226 3877 370 3927 tamentam
387 3891 441 3926 esse
458 3871 538 3926 haias
559 3871 634 3924 uocis
650 3871 743 3940 potuit
764 3889 811 3924 aee
832 3871 890 3924 siae
907 3887 1008 3922 wmmo
1026 3868 1184 3920 detrimento
1203 3884 1258 3920 sea·

225 3960 323 4013 tectim
339 3959 407 4014 tetii.
504 3961 643 4029 71mpune
658 3955 755 4026 possed
768 3956 802 4009 H
890 3954 976 4028 possit
988 3972 1049 4009 corr
1066 3970 1098 4007 er
1109 3954 1163 4007 AB

225 4062 297 4118 quo*
309 4045 373 4099 ΑΗ
380 4061 433 4114 qvo
450 4046 491 4110 (vo
504 4043 534 4096 ia
544 4061 642 4097 rasura
653 4047 721 4108 corr)
739 4043 847 4110 Brsait
859 4042 934 4112 quod
944 4042 987 4094 uei
998 4038 1064 4110 qud,
1079 4043 1115 4110 cf.
1126 4057 1157 4109 p.
1170 4040 1212 4104 91,
1227 4041 1257 4100 4,

225 4134 249 4197 2,
267 4132 307 4196 13,
322 4131 370 4194 32;
387 4130 428 4195 19,
442 4131 489 4183 47:
509 4131 579 4183 ande
586 4147 675 4199 praue
689 4130 819 4183 Halmius
830 4127 895 4198 quoi
910 4127 1039 4182 deuincts
1051 4126 1139 4198 effecit

225 4221 241 4270 9
259 4233 330 4286 quae
346 4214 393 4269 lex
411 4234 433 4286 q;
451 4215 497 4270 sed
515 4233 537 4287 q;
556 4233 661 4270 erasum
672 4216 700 4269 Β
806 4213 871 4269 ess&
889 4215 918 4268 ia
936 4231 1033 4267 rasura
1044 4214 1073 4266 A
1171 4226 1260 4279 ounaq3
