3252 4964
342 446 405 509 200
783 453 819 494 111
838 442 878 505 18,
899 443 932 493 40

343 625 435 694 tates,
453 615 510 678 sed
531 636 635 698 paene
658 614 772 678 nultus
795 634 916 690 eorum,
937 612 1025 696 apud
1048 632 1128 694 quos
1150 609 1226 696 agit.
1250 610 1381 693 quodsi

342 718 378 780 in
403 745 447 782 a*
473 728 588 781 senatu
602 739 671 781 non
686 716 836 794 diffinita
860 726 909 780 est
924 715 1012 778 enim
1030 714 1100 798 ipse
1115 724 1245 778 senator
1258 713 1287 778 is
1296 765 1302 793 ,
1312 736 1380 800 en-

342 821 394 884 ius
415 843 484 884 non
507 821 548 883 ad
570 831 737 884 auctorem
760 819 919 883 referatur
941 818 1079 896 animno,
1104 817 1161 880 sed
1184 817 1241 900 qui
1265 838 1379 900 perse

343 924 413 1008 ipse
436 923 575 1008 spectari
598 924 687 987 uelit.
711 923 790 988 hnic
812 923 900 986 iussa
921 922 984 986 tria
1006 931 1099 985 sunt:
1124 930 1162 983 ut
1178 919 1277 998 adsit3
1301 941 1379 982 nam

313 1046 325 1085 a
344 1027 539 1112 grauitatem
570 1049 620 1090 res
647 1027 758 1106 habet,
784 1049 861 1091 aum
883 1026 1037 1110 frequens
1060 1023 1137 1090 ordo
1161 1033 1223 1101 est3
1248 1033 1286 1086 ut
1307 1023 1378 1087 loeo

345 1130 444 1208 dicat,
475 1130 582 1194 idest
608 1140 752 1214 rogatus;
781 1141 819 1193 ut
840 1129 950 1208 modo,
980 1151 1022 1192 ne
1045 1128 1088 1191 sit
1112 1125 1277 1204 infinitns3
1302 1148 1379 1189 nam

344 1232 488 1297 breuitas
510 1255 578 1297 non
600 1233 696 1297 modo
719 1233 885 1311 senatoria,
903 1233 960 1296 sed
982 1231 1082 1295 etiam
1104 1229 1239 1292 oratoris
1260 1251 1379 1314 magna

344 1337 416 1400 laus
439 1336 544 1400 estin
567 1335 745 1401 sententia:
769 1357 831 1400 nec
853 1345 903 1399 est
929 1355 1085 1418 umquam
1113 1334 1211 1418 longa
1233 1331 1378 1396 oratione

344 1439 514 1517 utendum,
539 1438 604 1502 nisi
626 1449 683 1502 aut
704 1449 862 1522 peccante
885 1447 1009 1517 senatu,
1035 1437 1123 1520 quod
1144 1437 1183 1498 fit
1201 1433 1378 1499 ambitione

302 1559 326 1602 1o
345 1542 539 1626 saepissime,
563 1542 656 1606 nullo
678 1541 870 1626 magistratu
891 1541 1070 1604 adiuuante
1093 1538 1166 1603 tolli
1188 1538 1275 1600 diem
1296 1536 1378 1602 utile

345 1655 401 1724 est,
426 1656 483 1709 aut
504 1666 580 1708 oum
603 1654 694 1709 tanta
715 1666 813 1708 causa
835 1653 891 1722 est,
908 1654 947 1707 ut
968 1665 1050 1727 opus
1071 1642 1114 1706 sit
1128 1641 1263 1705 oratoria
1285 1640 1379 1725 eopia

347 1837 358 1886 1
379 1832 427 1886 sed
444 1850 510 1903 prae
527 1831 628 1886 uultus
637 1834 666 1886 B
763 1831 838 1903 quod
856 1832 877 1887 li
895 1850 924 1886 m
942 1830 1040 1886 senatu
1057 1848 1114 1884 non
1131 1828 1244 1884 d1ff1e1le
1258 1830 1292 1882 e·
1307 1847 1378 1883 emm

346 1920 405 1972 AB
422 1918 497 1988 quod
516 1926 557 1972 est
574 1918 603 1972 in
620 1927 716 1974 senatu
728 1938 784 1975 non
797 1917 917 1972 difficile.
932 1923 974 1971 eat
986 1917 1057 1971 enim
1070 1918 1107 1970 R.
1120 1917 1282 1986 Stepbauua,¹
1291 1910 1379 1985 ‘quod

345 2004 374 2058 in
392 2007 497 2070 senatu]
514 2005 620 2059 modica
639 2009 664 2058 et
681 2007 775 2060 aedatu
793 2024 861 2070 ease,
882 2023 948 2075 quae
966 2022 1025 2057 eum
1042 2002 1167 2072 patrebus
1185 2006 1306 2071 meatur,
1325 2019 1379 2055 uou

345 2097 384 2144 eet
402 2090 528 2163 dfffieile.
553 2109 620 2160 quae
644 2108 703 2144 eum
721 2092 824 2163 populo
848 2095 974 2160 ayeutur,
995 2094 1033 2142 eat
1055 2085 1216 2158 dfffioile'ua?
1241 2085 1379 2141 Peraeae

345 2177 502 2237 nemesium,-
521 2177 610 2246 itaque
624 2177 726 2246 putaui
742 2195 866 2231 maneam
883 2195 938 2230 aeae
956 2175 1103 2230 orationem
1121 2178 1146 2227 et
1163 2174 1202 2227 aio
1212 2176 1279 2243 sere
1295 2172 1379 2242 sorab-

343 2269 400 2316 tum
416 2264 508 2332 fuisse
526 2261 600 2333 quod
624 2261 647 2315 ai
665 2261 694 2315 in
712 2261 828 2331 (populo
847 2261 964 2315 arduum
983 2268 1039 2325 est,
1059 2259 1102 2330 in)
1120 2266 1217 2313 senatu
1235 2277 1290 2313 non
1308 2258 1380 2312 diffi-

345 2349 406 2403 oile.
428 2356 469 2402 eat
487 2348 567 2402 enim.
591 2348 823 2414 Conseruere.
843 2351 873 2412 2,
893 2349 939 2412 82,
960 2348 1010 2398 333
1028 2345 1095 2399 haee
1113 2346 1140 2399 in
1160 2352 1256 2399 senatu
1274 2344 1379 2398 minore

346 2441 479 2505 apparatu
492 2433 598 2502 agenda
616 2440 694 2498 aunt3
716 2433 825 2504 sapiens
844 2434 916 2488 enim
934 2439 976 2486 est
993 2430 1139 2486 eonsilium
1154 2430 1304 2500 multisque
1317 2428 1379 2484 aliis

347 2519 456 2574 dicendi
468 2517 664 2590 relinquendus
675 2518 762 2585 loeus,
776 2518 891 2574 uitanda
904 2518 986 2574 etiam
998 2518 1103 2589 ingenii
1115 2515 1308 2571 ostentationis
1321 2533 1379 2569 aua·

346 2605 427 2675 pieio.
446 2604 536 2659 oontio
548 2603 622 2675 capit
634 2622 742 2659 omnem
758 2605 817 2659 uim
834 2605 967 2660 orationis
985 2611 1013 2659 et
1030 2604 1194 2674 grauitatem
1206 2602 1380 2657 uarietatem-

346 2707 400 2761 que
419 2691 565 2748 desiderat.
687 2695 702 2744 2
721 2688 779 2762 1pse
797 2689 934 2746 senatoris
948 2693 976 2744 A
993 2690 1079 2762 ipsese
1096 2687 1233 2744 senatoris
1249 2689 1278 2742 B

347 2777 362 2827 3
381 2777 417 2830 ad
438 2785 578 2834 auctorem
601 2777 745 2832 deteriores
769 2775 804 2830 ab
826 2779 941 2830 auctore
959 2778 1018 2831 AB
1040 2776 1075 2831 ad
1098 2782 1218 2830 actorem
1239 2774 1379 2829 Turnebus

450 2862 542 2934 41pfe
560 2861 678 2934 spemn
691 2861 764 2916 uelit
781 2862 811 2915 iu
827 2880 925 2916 reaura
943 2865 972 2916 A
1080 2860 1154 2916 adlit
1170 2863 1217 2916 aad
1233 2860 1252 2914 d
1270 2877 1331 2914 aaut·
1349 2861 1377 2912 A

451 2951 467 3002 6
484 2947 640 3003 modenesn
657 2950 686 3003 B
794 2951 809 3000 ‘1
827 2946 1085 3002 sed&1aoratons
1099 2947 1128 3000 iu
1146 2950 1218 3000 teuta
1236 2945 1333 2999 omueu
1350 2945 1379 2997 iu

347 3035 470 3104 mareiae
487 3053 571 3089 mauu
587 3035 699 3105 antiqua
712 3036 801 3104 posite
820 3035 848 3088 B
951 3035 966 3086 8
985 3039 1027 3087 eat
1044 3032 1073 3085 in
1091 3031 1227 3086 sententia
1245 3032 1312 3086 delet
1324 3031 1379 3085 Pu-

347 3125 450 3186 tamus,
464 3121 528 3174 item
535 3126 647 3191 praeter
659 3116 716 3175 eat‘
725 3121 827 3174 Orellio
844 3117 965 3174 auotore'
982 3119 1110 3174 Halmius
1122 3123 1147 3172 et
1160 3118 1298 3183 Baiterua
1314 3134 1380 3188 quae

347 3225 394 3276 eqo
412 3207 496 3261 nolim
515 3208 619 3262 ubeaae:
638 3226 715 3272 uam,
735 3210 765 3260 ut
782 3206 822 3260 au
844 3206 936 3260 Oieero
949 3207 1031 3259 Brut.
1047 3205 1093 3269 13,
1112 3207 1158 3268 50,
1177 3202 1301 3257 breuitaa
1317 3201 1379 3256 lana

349 3298 391 3346 eat
407 3291 546 3348 interdum
563 3294 592 3348 in
609 3291 702 3364 aliqua
719 3300 797 3363 parte
815 3290 932 3356 dicendi,
952 3290 982 3344 in
1000 3290 1130 3344 uniuersa
1149 3288 1305 3359 eloquentia
1316 3286 1379 3341 lau-

349 3377 410 3432 dem
427 3396 482 3434 non
499 3379 591 3446 habet,
605 3380 646 3435 iu
662 3397 733 3433 uuae
750 3379 780 3432 in
798 3375 942 3441 sententia,
956 3395 1024 3446 quae
1041 3381 1080 3430 eet
1096 3377 1190 3446 aliqua
1203 3392 1272 3444 para
1289 3375 1379 3428 diaeu-

348 3463 378 3517 de'
394 3466 438 3518 uel
454 3483 537 3534 qeuua
554 3466 727 3535 eloquentiae,
742 3463 898 3517 breuitatem
915 3463 1019 3527 laudat,
1039 3479 1120 3531 eaque
1137 3462 1196 3515 leue
1212 3479 1267 3514 uou
1284 3461 1320 3514 ad
1337 3477 1379 3513 ee-

348 3554 470 3603 uatorem
488 3554 604 3616 tentum,
624 3552 671 3606 aed
688 3550 768 3605 etiam
786 3550 822 3603 ad
839 3553 970 3602 oratorem
982 3548 1115 3617 paueat,
1135 3547 1222 3616 qualia
1239 3547 1269 3600 iu
1286 3549 1380 3600 aeuotu

352 3634 443 3689 Cicero
459 3637 522 3703 fuit
539 3642 564 3691 et
582 3637 666 3709 pauci
681 3637 750 3691 elii.-
768 3639 794 3689 et
811 3635 849 3687 aio
867 3639 936 3704 puto
955 3635 1043 3704 aptiua
1060 3632 1173 3701 adiuuet
1193 3649 1244 3686 nee
1263 3639 1305 3686 ent
1321 3649 1379 3685 um·

349 3738 430 3792 quam
444 3719 528 3790 longa
546 3721 670 3776 oratione
688 3727 735 3778 eet.
853 3736 904 3774 nea
922 3720 1109 3790 enumquam
1128 3721 1150 3784 (o
1167 3738 1180 3772 e
1198 3721 1265 3784 eoae)
1283 3722 1312 3771 A
1329 3735 1379 3771 nea

349 3813 363 3860 e
381 3813 496 3877 taquam
514 3809 542 3860 B
662 3810 677 3859 9
695 3807 750 3861 nisi
768 3813 817 3860 aut
834 3806 977 3860 deta-iores
990 3805 1079 3876 pauci
1093 3804 1146 3859 mn
1163 3823 1197 3858 ut
1215 3805 1274 3858 AB

349 3893 497 3949 ambitione
513 3894 543 3946 e'u
563 3893 614 3945 bae
636 3909 698 3946 uoce
716 3893 806 3964 dejicit
824 3893 866 3956 B,
886 3893 933 3946 aad
953 3889 1014 3946 uida
1032 3890 1109 3960 adp.
1128 3893 1194 3956 202,
1215 3893 1231 3944 9
1248 3907 1311 3944 aum
1334 3890 1379 3959 agi

451 3978 526 4049 quod
543 3978 574 4032 fit
590 3977 738 4032 ambitione
757 3977 923 4049 saepissime]
935 3971 1015 4030 ‘dieu
1032 3977 1172 4030 uonuulloa
1185 3995 1237 4047 per
1253 3975 1378 4030 ambitio-

348 4085 417 4131 uem,
437 4083 496 4119 eum
513 4065 623 4118 minime
640 4082 742 4120 ueeeaae
760 4069 799 4118 eat
816 4082 898 4134 aeque
916 4069 1021 4117 eeuetue
1034 4066 1138 4131 peceat,
1159 4068 1248 4117 tamen
1265 4060 1378 4116 diceudo

348 4153 416 4206 diem
434 4149 569 4206 eximere?
588 4151 726 4206 Turnebus
817 4153 848 4203 10
860 4147 940 4204 nullu
957 4151 1027 4214 (corr
1037 4147 1073 4214 lo)
1086 4147 1252 4218 magistrata
1265 4151 1294 4202 A

348 4236 430 4291 utile·
450 4240 465 4290 ἓ
483 4234 535 4291 aui
554 4241 624 4304 (eoru
635 4255 667 4290 ee
685 4239 742 4301 aut)
757 4239 785 4290 A
880 4237 909 4288 11
929 4241 1006 4289 tanta
1024 4234 1155 4289 editiones
1170 4251 1254 4289 tante
1266 4236 1294 4287 A
