3260 4968
361 399 402 461 92
821 398 887 460 118,
909 397 940 449 19

360 571 470 649 bento,
495 590 572 653 opes
595 579 779 633 amouento.
811 569 869 653 qui
890 591 982 633 secus
1005 567 1095 645 faxit,
1121 566 1201 630 deus
1223 565 1293 649 ipse
1321 564 1398 627 uin-

363 673 427 736 dex
448 673 518 736 erit.

427 776 610 861 Separatim
643 797 740 840 nemo
773 773 917 839 habessit
951 774 1028 837 deos
1061 794 1148 836 neue
1178 793 1282 836 nouos
1312 793 1396 834 neue

362 878 507 943 aduenas
536 879 601 943 nisi
629 878 761 963 publice
789 877 940 954 adscit0s3
973 876 1130 960 priuatim
1159 875 1294 938 colunto
1317 896 1397 958 quos

312 981 424 1046 *erite
447 1004 466 1044 a
487 982 635 1066 patribus

428 1085 576 1150 Delubra
597 1085 755 1149 habento:
780 1084 871 1147 lucos
893 1083 929 1146 in
952 1082 1037 1167 agris
1059 1083 1204 1147 habento
1227 1092 1260 1145 et
1274 1083 1397 1146 Larum

363 1189 465 1252 sedec.
489 1187 571 1251 ritus
594 1187 736 1251 familiae
758 1197 955 1271 patrumque
977 1196 1139 1250 seruanto.

428 1289 534 1356 Diuos
557 1287 590 1354 et
611 1312 674 1369 eoo,
700 1290 758 1374 qui
780 1289 933 1352 caelestes
956 1310 1084 1372 semper
1106 1287 1220 1365 habiti,
1253 1288 1395 1366 colunto,

364 1405 397 1459 et
419 1395 509 1472 olloo,
535 1415 616 1477 quos
639 1393 724 1457 endo
747 1393 836 1456 eaelo
858 1392 975 1456 merita
996 1391 1187 1469 locauerint,
1205 1391 1394 1468 Herculem,

363 1606 408 1654 tur
425 1600 456 1654 irr
474 1600 503 1654 B
635 1601 646 1651 1
672 1563 764 1676 operit
779 1599 806 1651 B
825 1594 917 1668 opens
932 1600 968 1652 H
982 1594 1080 1668 opere*
1098 1597 1146 1650 red
1163 1593 1177 1649 s
1192 1615 1205 1650 e
1223 1614 1285 1649 cerr
1303 1598 1348 1657 A‚·
1367 1614 1399 1650 ec

363 1705 499 1776 emptura
517 1699 594 1772 operi
608 1703 716 1756 uidetur
732 1701 802 1755 iliad
818 1698 915 1804 operis,
936 1701 1008 1771 qaod
1025 1701 1106 1754 etiam
1118 1701 1147 1752 A
1165 1700 1258 1753 hebuit
1275 1704 1336 1754 arete
1354 1718 1400 1754 ra-

362 1825 464 1872 suram,
484 1810 573 1860 ortum
591 1823 645 1858 erre
750 1801 863 1880 lecurul‘
877 1805 906 1859 B
1037 1802 1112 1857 faxit
1135 1800 1252 1872 deusltir
1270 1802 1289 1857 d
1306 1803 1335 1855 in
1352 1820 1399 1856 rae

363 1913 432 1979 corr)
452 1911 488 1963 H
596 1926 661 1961 uin*
679 1904 797 1976 (lexJenr
814 1908 851 1961 H
950 1907 1110 1960 Lactantius
1129 1908 1200 1960 Iret.
1214 1907 1271 1961 diu.
1286 1909 1311 1971 5,
1327 1908 1368 1972 20,
1383 1907 1399 1957 3

364 1995 461 2050 Cicero
480 1993 510 2048 in
528 1993 586 2048 euin
603 1991 728 2063 legibue,
749 2008 811 2045 cum
829 1999 903 2046 caste
926 1991 960 2046 ad
985 1991 1118 2047 sacrificia
1135 1991 1308 2063 praeciperet
1325 2009 1399 2047 aoce-

364 2080 439 2146 dere,
450 2076 606 2151 ‘pietatem'
622 2076 714 2149 inquit
725 2073 898 2142 ‘adhibento,
912 2096 979 2148 opes
992 2083 1150 2132 amouento:
1165 2075 1213 2149 qui
1227 2095 1306 2132 eccur
1317 2077 1397 2143 faxit,

364 2183 433 2238 deus
451 2183 511 2254 ipse
530 2180 634 2235 uindex
652 2179 727 2235 erit'
821 2155 954 2260 3hibenl'
969 2180 1006 2235 [ιτ
1023 2181 1109 2258 decus
1124 2184 1151 2236 Β
1170 2182 1223 2247 (aie)
1242 2180 1348 2236 habens
1362 2180 1400 2236 Γιτ

364 2285 432 2341 deos
443 2288 479 2340 H
485 2283 585 2340 hebes*
602 2282 639 2339 [ιτ
653 2283 722 2338 debs
737 2301 815 2363 uenio
833 2284 962 2363 balbelsir
979 2271 1013 2340 ‹ll
1028 2286 1090 2350 (eie.-
1110 2303 1125 2338 e
1139 2286 1221 2356 priua
1240 2289 1266 2339 et
1284 2284 1298 2338 s
1312 2285 1341 2338 ia
1352 2285 1399 2339 he

362 2389 413 2444 bel
422 2410 436 2444 e
448 2407 518 2454 corr,
538 2387 574 2442 ha
591 2388 622 2441 ire
630 2390 693 2456 fiae
710 2405 804 2442 aerem
822 2389 968 2456 obscurum)
981 2390 1009 2441 A
1096 2376 1185 2445 nouis
1193 2391 1250 2444 AB
1266 2389 1356 2446 nouos
1368 2393 1405 2446 H

360 2497 361 2500 ¹
421 2464 422 2468 ¹
472 2474 555 2529 seduc
576 2477 603 2541 (u
621 2492 684 2528 corr
701 2473 730 2527 ira
749 2477 773 2539 κ)
795 2472 919 2528 aduena*
943 2475 1012 2546 [suit
1033 2474 1165 2541 aduenas)
1184 2476 1240 2528 AB
1258 2476 1299 2531 lat
1316 2476 1399 2532 adue·

363 2560 415 2615 nal
431 2564 457 2626 (τ
475 2562 504 2614 ira
521 2579 568 2614 rae
586 2563 661 2625 corr)
684 2560 722 2613 H
734 2559 801 2626 (ric)
819 2578 890 2614 neue
907 2559 1036 2630 ‚aduenae
1055 2563 1200 2616 Manutius
1218 2560 1267 2616 sed
1284 2580 1335 2617 nec
1353 2562 1399 2617 ad·

364 2680 450 2718 uenae
468 2662 618 2717 lambitur
728 2630 853 2734 tpulrce
870 2666 898 2717 A
1006 2663 1129 2719 adscitis
1142 2666 1171 2720 Β
1284 2665 1399 2720 colunto

364 2747 503 2831 quoltnrg
526 2749 596 2818 (suit
612 2750 690 2828 mre)
710 2749 872 2819 apatrrbul'
880 2750 908 2802 Β
925 2748 1211 2822 colunroquol'lrnta
1229 2768 1261 2805 ea
1280 2752 1332 2817 (ric)
1351 2770 1399 2823 pa·

363 2850 458 2906 rubus
467 2850 636 2905 Haimianoe
651 2850 959 2922 colunrorquosenrear
974 2871 990 2907 a
1005 2852 1134 2924 pambus
1143 2853 1265 2920 (colunto
1278 2855 1308 2908 ire
1323 2872 1398 2910 raou-

364 2941 404 3004 ra)
419 2940 457 3004 A,
471 2938 501 2991 ir
513 2957 564 3009 quo
580 2938 642 2991 item
653 2935 724 3008 quos
732 2955 819 2992 tntae
832 2957 849 2992 a
856 2938 947 3007 fleiaco
959 2945 1082 3010 apertum
1093 2945 1133 2994 ert
1201 2939 1314 2995 colunto
1330 2959 1400 3012 quoe

364 3023 418 3078 rite
436 3042 452 3077 a
469 3021 596 3094 patribus
613 3022 711 3096 (cultos
729 3023 893 3095 acceperint)
911 3025 1070 3096 Moduiyiuo
1090 3025 1163 3096 opp.
1184 3028 1292 3091 2,134;
1309 3028 1401 3098 portia

354 3110 448 3164 etiam
466 3128 519 3163 nore
537 3110 640 3164 minore
657 3128 717 3164 cum
737 3110 931 3182 probabilitate
948 3109 1060 3166 colunto
1079 3128 1149 3181 quoe
1167 3111 1219 3167 rite
1236 3112 1340 3183 (cultos
1358 3131 1401 3168 ac·

364 3195 496 3268 ceperint)
514 3213 530 3249 a
547 3195 673 3265 patribus
770 3199 786 3250 6
805 3195 920 3251 delubra
937 3196 966 3250 in
984 3196 1101 3251 urbibus
1114 3199 1151 3251 Β.
1167 3199 1333 3269 Stephanae,
1355 3200 1402 3254 red

364 3281 393 3335 in
411 3281 527 3336 urbibus
545 3300 593 3336 aec
610 3283 658 3336 loc
676 3283 732 3336 loco
750 3300 798 3335 erec
814 3288 877 3336 onte
894 3281 1010 3336 delubra
1021 3283 1172 3353 requiritur
1258 3283 1335 3339 lbcos
1344 3287 1400 3340 AB

466 3366 573 3422 habent
590 3366 684 3422 olocol'
702 3371 773 3432 (corr
789 3366 870 3434 tolo)
884 3370 921 3422 H
1002 3368 1109 3423 hebent
1121 3370 1246 3439 o&l(corr
1258 3387 1309 3424 nro
1321 3371 1353 3436 &J
1369 3372 1405 3424 H

469 3457 484 3506 7
503 3460 650 3524 patriaque
666 3456 724 3508 AB
740 3471 883 3526 pamamq;
903 3455 940 3508 H
952 3454 1112 3525 patriaeque
1126 3457 1309 3528 Auenticum,
1337 3458 1400 3512 Vio-

365 3539 474 3593 tariano
490 3545 655 3610 petrumque
673 3541 711 3594 Β.
731 3541 898 3610 Stephanae,
916 3544 1013 3612 confer·
1024 3559 1056 3611 p.
1077 3543 1140 3607 105,
1159 3544 1171 3594 1
1189 3541 1261 3596 ritue
1278 3541 1401 3597 familiae

364 3630 528 3695 patrumque
657 3623 883 3681 seruanro·d1uol
898 3626 959 3692 (od
977 3627 1007 3680 in
1024 3645 1123 3683 recuro
1141 3631 1214 3693 corr)
1234 3630 1263 3680 A
1287 3626 1401 3682 seruant

365 3708 465 3764 odiuol'
483 3712 554 3775 (corr
571 3727 623 3764 nro
641 3709 695 3778 edo
720 3713 756 3766 H
863 3713 879 3764 8
898 3710 971 3785 semp
989 3714 1200 3784 superstratum
1218 3715 1245 3768 B
1355 3732 1400 3769 co·

363 3810 445 3866 lunro
464 3814 504 3878 (co
522 3813 551 3866 irr
569 3816 675 3879 rasura)
693 3815 722 3866 A
825 3815 841 3867 9
860 3788 947 3870 ebllos
961 3818 990 3870 B
1006 3785 1096 3870 iollor
1110 3818 1139 3869 A
1156 3817 1182 3870 tr
1199 3815 1265 3871 illos
1281 3819 1317 3872 H

364 3915 435 3987 quos
450 3889 597 3994 cnibeaelir
615 3933 898 3972 menraeuocauormr
917 3921 946 3983 (a
963 3919 993 3972 in
1011 3935 1111 3974 menta
1133 3938 1204 3984 corr,
1224 3925 1294 3990 puto
1317 3939 1401 3976 ment

365 4037 547 4074 auocauermr
558 4020 658 4091 sciere)
675 4021 703 4072 A
715 4019 785 4090 quos
794 3996 865 4098 indo
877 4020 1063 4099 oeelblmenta
1080 4039 1247 4078 uocauennr
1258 4026 1286 4079 Β
1298 4023 1401 4094 quoscir

364 4122 417 4178 deo
435 4121 494 4204 celo
512 4121 621 4194 melma
638 4139 802 4178 uocauermr
820 4126 857 4179 H
938 4126 1101 4180 Lactantius
1114 4128 1183 4180 Inrt.
1198 4127 1253 4181 diu.
1271 4129 1400 4192 1‚15,23

363 4226 427 4262 nam
445 4209 480 4263 de
496 4207 617 4280 legibue,
638 4226 692 4280 quo
711 4208 741 4265 in
759 4227 842 4281 opere
858 4209 1002 4266 Platonem
1020 4218 1132 4266 secutus
1149 4211 1226 4282 leges
1244 4210 1336 4266 uoluit
1352 4228 1401 4282 po·
