3260 4968
629 455 652 496 11
672 443 711 508 18,
726 445 840 496 45-46
1193 449 1252 512 129

221 607 339 679 sunto.³
359 614 441 678 haee
463 614 514 678 illi
539 614 679 698 placent.
711 616 768 680 sed
790 637 850 700 ego
878 626 986 680 cetera
1011 639 1079 680 non
1107 628 1175 681 tam
1202 641 1254 682 re-

221 717 331 782 stricte
346 716 513 801 praefinio‚
531 717 587 781 uel
609 717 782 782 hominum
804 719 894 783 uitiis
917 719 973 782 uel
995 719 1147 783 subsidiis
1169 731 1254 784 tem-

221 843 338 906 porum
365 820 487 884 uictus:
517 831 621 884 terrae
650 821 778 885 cultum
800 823 982 907 segniorem
1004 823 1151 907 suspicor
1173 824 1251 903 fore,

222 924 249 998 si
269 925 310 987 ad
330 945 402 987 eam
425 924 582 987 utendam
604 923 754 1008 ferroque
777 925 993 1010 subigendam
1015 926 1254 1009 superstitionis

222 1026 348 1110 aliquid
370 1025 550 1090 accesserit.
1271 1054 1283 1093 s

285 1132 437 1194 Armcvs.
468 1128 610 1192 Habeo
600 1141 675 1193 rsta.
699 1153 790 1194 nuno
806 1132 845 1195 de
861 1130 960 1195 sacris
975 1131 1142 1242 perpetuis
1165 1134 1253 1196 etde

221 1233 402 1299 Manium
393 1254 464 1296 rure
486 1241 594 1296 restat.

285 1337 436 1400 Msscvs
473 1335 502 1398 Ο
525 1357 643 1398 mnam
668 1335 867 1415 memoriam,
891 1337 1062 1421 Pomponi,
1092 1349 1193 1400 tuam.
1221 1349 1255 1402 at

222 1438 305 1502 mihi
325 1439 388 1502 ista
410 1439 607 1502 exciderant.
1176 1501 1178 1508 ,

174 1551 213 1606 46
286 1543 438 1605 A'rmcvs.
469 1543 521 1605 Ita
543 1543 652 1621 eredo,
681 1543 739 1605 sed
765 1553 875 1606 tamen
901 1541 964 1605 hoc
991 1543 1094 1626 magis
1123 1566 1176 1607 eas
1203 1567 1254 1608 res
1273 1568 1297 1608 ιο

223 1655 256 1708 et
277 1645 413 1708 memini
436 1656 468 1708 et
491 1655 635 1728 expecto,
654 1645 742 1728 quod
756 1646 845 1709 etad
867 1645 1075 1729 pontificium
1097 1646 1149 1709 ius
1165 1648 1254 1711 etad

224 1748 321 1811 ciuile
342 1747 518 1832 pertinent.

286 1853 437 1916 Manovs.
468 1853 563 1930 Vero,
582 1863 615 1914 et
636 1873 655 1914 a
677 1850 881 1935 peritissimis
903 1862 982 1915 sunt
1004 1851 1074 1916 istis
1096 1852 1253 1918 derebus

225 1963 257 2017 et
282 1976 436 2038 responsa
458 1965 491 2016 et
513 1953 633 2038 scripta
655 1954 767 2032 multa,
793 1965 826 2017 et
847 1976 907 2039 ego
929 1955 966 2017 in
987 1955 1050 2019 hoo
1074 1956 1165 2019 omni
1188 1979 1255 2020 ser-

224 2080 319 2121 mone
341 2068 459 2136 nostro,
485 2058 573 2140 quod
595 2059 636 2120 ad
658 2078 799 2139 cumque
821 2057 902 2141 legis
928 2080 1033 2142 genus
1060 2080 1112 2121 me
1140 2059 1255 2143 dispu-
1273 2083 1297 2124 15

225 2161 302 2225 tatio
323 2171 435 2224 nostra
457 2160 637 2238 deduxerit,
655 2161 799 2224 tractabo
815 2160 923 2243 quoad
937 2171 1049 2244 potero
1065 2162 1136 2224 eius
1150 2162 1254 2246 ipsius

225 2264 350 2348 generis
372 2264 424 2326 ius
447 2262 546 2326 ciuile
568 2273 725 2341 nostrum,
751 2263 883 2341 sedita,
908 2263 1000 2327 loeus
1015 2247 1053 2328 nt
1071 2265 1140 2348 ipse
1156 2276 1254 2329 notus

225 2493 531 2501 ——-——--

227 2644 237 2693 1
257 2640 300 2694 1111
318 2641 461 2695 ἀοίονίονεε
478 2639 526 2694 illa
543 2642 637 2695 ΑΒΗ
728 2657 821 2720 cetera
840 2641 877 2694 H
966 2605 1098 2694 reirrotae
1116 2644 1144 2696 B
1162 2608 1254 2696 rdine-

223 2763 269 2811 rae
286 2747 315 2798 A
332 2746 458 2799 r&more
481 2745 530 2809 (sio)
550 2744 596 2796 sed
613 2761 674 2796 corr
690 2748 721 2796 ut
738 2743 773 2797 sit
791 2742 921 2798 resume
940 2744 976 2797 H
1048 2747 1079 2846 d2
1097 2711 1214 2816 prasino
1226 2748 1254 2800 B

309 2847 356 2902 uel
367 2853 429 2901 ante
440 2845 582 2900 hominum
593 2865 635 2899 om
648 2849 684 2900 H
748 2846 830 2916 uroJ1s
843 2849 861 2916 (J
876 2851 969 2912 eoorr)
986 2849 1014 2902 B
1028 2813 1110 2914 nicus
1125 2854 1150 2902 et
1161 2868 1180 2901 u
1192 2854 1255 2903 ante

225 2933 344 2989 soorr'
331 2952 361 2987 m
379 2951 399 2986 11
424 2935 461 2987 H
564 2930 674 2986 insidiis
698 2932 860 3003 Madaiqius
881 2931 951 3003 Opp.
966 2934 991 2998 2,
1008 2934 1069 2998 153;
1086 2929 1254 3004 ‘temporum

225 3018 370 3075 subsidiis=
391 3037 449 3073 oum
466 3020 563 3072 borum
580 3036 670 3071 rerum
687 3018 766 3071 bodie
782 3019 870 3072 maior
888 3018 966 3087 eopia
984 3023 1108 3090 suppetat
1118 3020 1254 3090 maiorque

219 3108 350 3177 pecuniae
367 3105 409 3158 uis
428 3123 507 3175 quom
523 3108 610 3158 aetate
625 3104 753 3168 Putabis,
767 3108 798 3157 ut
800 3105 921 3173 facilior
931 3104 967 3156 sit
979 3101 1161 3174 comparatio.³
1185 3105 1254 3158 Tuo

224 3193 304 3248 nebus
407 3192 422 3242 3
440 3190 519 3245 cultu
539 3192 576 3245 H
656 3188 794 3259 srgmorrm
814 3191 854 3255 H,
874 3208 936 3244 corr
953 3188 1105 3259 segmorem
1121 3192 1149 3243 A
1172 3189 1254 3259 ligm-

224 3284 274 3332 on'r
295 3296 356 3332 corr
373 3277 501 3347 segmorfi
519 3278 546 3330 B
682 3274 765 3329 foresr
788 3274 831 3340 (es
845 3295 859 3328 e
877 3279 949 3341 corr)
972 3274 1007 3328 ad
1025 3291 1084 3328 eam
1101 3275 1209 3330 tuenda
1226 3279 1254 3332 B

223 3365 283 3419 fore
305 3363 327 3418 h
352 3360 555 3417 odeatuendam
577 3364 684 3431 (apost
702 3368 716 3413 e
735 3380 753 3415 a
771 3379 832 3416 corr
849 3362 920 3426 add)
941 3365 969 3415 A
986 3360 1062 3415 fores
1080 3359 1254 3416 Iademtuen-

11 3189 12 3238 1

11 3243 13 3286 1

11 3465 12 3498 ¹
224 3467 286 3522 dam
306 3469 342 3520 Η
423 3469 440 3519 4
457 3464 493 3520 ad
511 3482 571 3519 eam
587 3465 718 3519 utendam
735 3464 887 3529 deteriores,
907 3462 1041 3518 Davisius
1127 3439 1211 3536 fer'oa
1226 3465 1254 3518 B

326 3551 507 3622 subigendam
525 3551 676 3616 Manutius,
697 3550 846 3605 Lambinus
862 3549 1047 3604 subrorendam
1064 3551 1157 3604 ABH

225 3660 240 3709 6
259 3622 327 3712 sacri
341 3659 370 3710 A
387 3656 456 3711 saon
475 3657 512 3709 H
616 3657 631 3707 7
649 3654 765 3734 refredo
785 3656 822 3708 H
924 3655 939 3705 8
957 3627 995 3722 ad
1011 3655 1040 3706 B
1147 3655 1163 3706 9
1182 3671 1253 3708 exer-

224 3743 325 3798 deranr
342 3743 388 3796 sed
406 3759 430 3796 er
447 3760 524 3796 erasa
537 3743 565 3796 B
583 3741 695 3797 excider'
713 3743 738 3794 Ιι.
757 3760 777 3794 e.
796 3758 864 3794 runt
883 3740 920 3793 H
1020 3740 1051 3792 10
1070 3739 1116 3794 sed
1133 3740 1206 3812 ram!
1222 3742 1259 3796 H

326 3827 414 3883 easses
423 3829 459 3882 H
560 3829 589 3880 11
610 3835 638 3881 et
649 3823 764 3898 expecto
775 3827 903 3881 editiones
915 3827 941 3880 dc
954 3825 1049 3896 specto
1061 3827 1156 3881 ABH

223 3908 388 4004 ponnfroirm
405 3934 433 3984 A
450 3931 618 4001 ponnfroum
637 3932 673 3985 H
773 3932 805 3983 12
823 3929 974 4002 pernibent
990 3935 1016 3995 (n
1025 3929 1107 4001 prior
1118 3949 1131 3983 e
1144 3931 1212 3993 corr)
1225 3932 1253 3982 A

310 4037 342 4087 13
360 4033 564 4105 aperitissimis
577 4041 642 4088 sunt
653 4033 812 4104 Maduiqias
830 4009 995 4103 apemssrmi
1013 4032 1078 4087 suns
1095 4035 1124 4087 B
1141 4029 1251 4102 apnffi-

224 4157 268 4192 ma
279 4138 345 4192 sunt
361 4139 408 4193 aad
426 4157 442 4192 a
453 4138 541 4192 altera
552 4157 566 4190 o
578 4155 641 4190 corr
651 4139 679 4190 A
691 4136 824 4210 apnssrmr
837 4136 904 4191 1ιιιιτ
916 4139 952 4192 H
1036 4137 1068 4188 14
1086 4125 1111 4188 dc
1123 4132 1213 4188 multa
1225 4133 1253 4184 B

328 4243 359 4294 15
376 4240 447 4311 legis
465 4257 552 4310 genus
570 4240 699 4296 aditiones
714 4239 835 4309 legimus
849 4239 937 4310 genus
952 4242 1019 4294 AH
1030 4230 1253 4308 leg11bgenuf13
1270 4261 1276 4273 ·

274 4355 317 4386 ere.
331 4355 382 4386 nso.
396 4355 421 4385 11.
1030 4343 1046 4392 9
