3252 4964
648 399 682 441 m
700 391 741 452 20,
763 391 875 441 ‹ts-47
1216 391 1279 454 205

251 585 327 626 cum
349 561 452 646 magis
474 559 605 625 iudiciis
621 582 720 644 quam
734 561 843 624 uerbis
859 560 1054 625 sanciendae
1069 561 1143 641 sint,
1161 561 1280 625 adiun-

250 666 338 751 gitur
357 659 488 728 ‘noxiae
510 686 617 748 poena
638 686 697 748 par
719 657 804 742 esto,
830 673 867 726 ut
888 663 925 727 in
947 685 1006 728 suo
1029 663 1111 728 uitio
1141 662 1279 746 quisque

249 770 419 853 plectatur,
445 769 497 832 uis
520 769 634 853 eapite,
660 768 798 832 auaritia
819 768 931 846 multa,
962 766 1095 831 honoris
1118 765 1280 851 cupiditas

249 872 432 957 ignominia
460 873 634 935 sanciatur.
671 883 835 935 extremae
864 871 952 955 leges
982 881 1061 934 sunt
1090 871 1184 934 nobis
1213 892 1281 934 non

249 975 396 1054 usitatae,
417 975 465 1038 rei
479 975 631 1058 publicae
646 974 856 1039 necessariae.
880 974 992 1058 legum
1008 975 1189 1038 custodiam
1204 975 1281 1039 nul·
1299 992 1311 1031 5

248 1079 316 1142 lam
345 1079 512 1157 habemus,
541 1079 652 1162 itaque
680 1100 736 1141 eae
759 1078 846 1162 leges
869 1089 954 1156 sunt,
980 1100 1060 1161 quas
1083 1078 1281 1162 apparitores

249 1183 352 1246 nostri
374 1183 507 1246 uolunt:
532 1204 551 1244 a
572 1181 713 1245 librariis
732 1181 883 1265 petimus,
901 1181 1042 1265 publicis
1063 1181 1180 1244 litteris
1203 1202 1282 1245 con-

249 1284 411 1370 signatam
433 1285 626 1348 memoriam
647 1284 815 1368 publicam
833 1284 961 1347 nullam
975 1284 1143 1348 habemus.
1161 1285 1282 1350 Graeci

248 1387 311 1451 hoc
341 1387 543 1472 diligentius,
576 1390 665 1472 apud
693 1409 774 1471 quos
802 1383 1038 1473 νομοφύλακες
1069 1390 1279 1467 creabantur;

248 1512 310 1554 nec
332 1491 363 1554 ei
383 1491 490 1556 solum
509 1491 642 1571 litteras,
667 1512 745 1554 nam
766 1491 801 1554 id
824 1490 957 1574 quidem
980 1491 1079 1554 etiam
1101 1491 1190 1574 apud
1211 1512 1281 1553 ma·
1300 1504 1324 1545 10

247 1593 332 1658 iores
359 1605 485 1658 nostros
515 1606 592 1673 erat,
623 1595 681 1658 sed
703 1595 803 1659 etiam
825 1593 912 1657 facta
933 1594 1105 1658 hominum
1127 1595 1281 1658 obserua-

197 1699 329 1762 47bant
350 1698 393 1761 ad
413 1698 567 1783 legesque
589 1698 797 1762 reuocabant.
822 1698 904 1761 haec
926 1697 1022 1761 detur
1044 1718 1123 1761 cura
1138 1697 1281 1760 censori·

247 1801 317 1879 bus,
335 1801 466 1883 quando
482 1801 616 1885 quidem
631 1822 685 1865 eos
707 1801 744 1865 in
766 1823 801 1864 re
823 1800 956 1884 publica
977 1823 1105 1884 semper
1127 1800 1281 1864 uolumus

248 1924 329 1967 esse:
361 1905 450 1987 apud
479 1905 618 1982 eosdem,
652 1903 710 1986 qui
738 1902 931 1987 magistratu
953 1903 1101 1981 abierint,
1127 1903 1226 1967 edant
1249 1914 1282 1966 et

247 2017 421 2090 exponant,
447 2007 527 2089 quid
548 2008 585 2071 in
607 2006 799 2091 magistratu
821 2005 987 2090 gesserint,
1014 2006 1118 2089 deque
1141 2005 1181 2069 iis
1202 2021 1324 2069 cen-1⁵

246 2129 332 2180 sores
360 2107 596 2192 praeiudicant.
626 2109 689 2172 hoc
718 2109 754 2171 in
777 2109 917 2174 Graecia
938 2111 976 2172 fit
1003 2109 1135 2193 publice
1159 2109 1281 2174 consti-

247 2210 326 2274 tutis
349 2211 599 2290 aceusatoribus,
625 2211 839 2294 quiquidem
864 2233 980 2296 graues
1010 2234 1078 2276 esse
1108 2234 1175 2276 non
1204 2234 1280 2296 pos-

246 2324 335 2392 sunt,
367 2313 432 2376 nisi
463 2325 541 2378 sunt
572 2315 766 2393 uoluntarii,
804 2315 957 2398 quocirca
985 2314 1103 2378 melius
1139 2315 1280 2380 rationes

247 2519 319 2588 qaod
337 2518 377 2571 dri
393 2517 523 2572 Baiterus
540 2519 671 2590 neplesit:
693 2522 731 2588 cf.
753 2519 913 2591 Maduiqias
930 2521 962 2574 de
971 2522 1027 2592 Μ.
1047 2521 1071 2584 3,
1087 2523 1129 2584 22,
1145 2522 1177 2572 73

247 2602 423 2684 liancrendp
442 2591 527 2659 lAB
614 2605 670 2658 sint
686 2605 818 2661 lsictors'us
905 2607 1025 2659 lnoxre
1042 2622 1130 2677 paena
1147 2607 1183 2671 B,
1203 2607 1232 2660 in
1252 2609 1280 2659 A

239 2692 305 2758 fere
322 2689 439 2744 caenida
541 2689 695 2761 parlnssesro
719 2693 780 2761 (par
800 2691 920 2745 inseite
938 2709 1032 2746 uersas
1049 2710 1066 2744 a
1085 2708 1146 2745 sorr
1163 2692 1230 2758 edd)
1252 2696 1281 2745 A

361 2782 394 2829 ut
411 2775 440 2828 in
458 2775 629 2830 editiones&
646 2795 675 2831 1n
692 2779 748 2832 AB
868 2794 940 2831 urcio
959 2778 987 2831 B
1108 2779 1236 2832 3auarra
1253 2779 1281 2831 B

245 2853 341 2932 suarii
357 2881 385 2931 A
490 2878 601 2949 cupitas
614 2881 642 2934 Β
660 2846 771 2952 cupidas
788 2883 813 2946 (u
832 2881 861 2934 in
879 2883 982 2947 rosere)
1005 2883 1033 2933 A
1137 2883 1153 2932 4
1171 2881 1280 2951 saulus·

243 2981 294 3018 ‘tur
312 2973 337 3018 A
358 2960 462 3018 lenaei
479 2965 507 3016 B
622 2983 745 3020 extreme
764 2966 823 3019 AB
947 2965 1071 3022 nstrata
1090 2967 1118 3020 B
1130 2967 1279 3046 risusrrate

245 3051 274 3102 A
294 3051 364 3120 [fait
387 3047 541 3126 nonl'rtate,
561 3051 607 3104 sed
624 3056 756 3106 eatremae
779 3052 885 3106 litterae
903 3069 950 3131 ate
969 3052 1023 3123 lapi
1038 3052 1086 3105 eie
1099 3057 1229 3124 possent,
1249 3059 1279 3105 ut

241 3137 325 3205 plura
343 3135 373 3188 ia
391 3136 442 3188 sae
459 3135 555 3189 ultima
569 3137 675 3207 papiae
692 3135 787 3191 codicis
804 3136 920 3206 difficile
938 3139 1073 3208 loquatur)
1212 3141 1227 3191 6
1247 3155 1278 3191 ea

242 3219 305 3290 lege
323 3218 389 3274 sunt
407 3222 436 3274 B
556 3221 749 3292 'leonsrgnata
767 3223 795 3276 Β
926 3218 1120 3277 tldrlrcenuul'
1135 3224 1164 3277 B

243 3305 457 3378 nomophylaces
474 3307 533 3361 AB
647 3307 810 3362 creabantur
828 3308 938 3362 Belias
955 3326 1086 3363 creantur
1105 3310 1164 3363 AB

246 3393 276 3445 10
294 3409 345 3447 nec
362 3392 383 3445 ii
401 3392 528 3447 editiones
545 3411 591 3447 ner
608 3394 668 3447 AB
771 3392 898 3464 leleges
912 3411 983 3464 quae
1002 3395 1030 3448 B
1124 3412 1172 3449 cur
1190 3394 1277 3449 acces·

243 3476 321 3540 lonb3
341 3478 370 3531 Β
474 3480 554 3550 Coss.
570 3480 594 3544 3,
609 3481 634 3546 3,
651 3482 666 3530 7
684 3480 717 3533 de
734 3478 883 3534 censoribus
901 3497 933 3533 ea
951 3486 1074 3551 potestas
1093 3497 1199 3551 semper
1217 3486 1275 3534 esto

360 3566 392 3616 14
410 3562 555 3618 abeosdem
573 3566 602 3618 B
721 3565 879 3635 magistrari
898 3566 927 3619 B
1049 3569 1079 3620 15
1099 3565 1230 3637 exlponat
1248 3567 1277 3620 B

357 3649 445 3721 deque
466 3649 501 3703 iis
527 3667 654 3705 censores
677 3651 805 3705 editiones
826 3650 1025 3722 dequncenlore
1043 3653 1072 3705 B
1089 3658 1168 3723 atque
1184 3654 1276 3707 eadem

242 3736 306 3788 lieet
322 3735 401 3788 aeide
418 3736 529 3791 obseura
546 3737 639 3790 uideor
656 3737 685 3790 ia
704 3740 732 3790 A
751 3738 838 3805 lesere
943 3740 975 3790 16
993 3737 1103 3808 publice
1122 3739 1147 3804 (b
1165 3757 1227 3792 corr
1244 3757 1276 3792 ee

242 3824 267 3891 p)
288 3823 317 3874 A
405 3823 436 3874 11
458 3824 523 3892 [qui
544 3829 717 3877 accusatores
734 3823 851 3888 coelicet,
871 3841 923 3876 ooo
941 3822 1051 3894 publice
1072 3825 1215 3878 constituti
1233 3840 1276 3877 ac·

242 3913 398 3962 cusatores:
418 3925 519 3961 mmm
537 3910 608 3962 enim
624 3927 717 3963 eomes
734 3912 821 3981 refert
833 3926 997 3978 prosternam
1017 3911 1049 3964 de
1065 3929 1114 4013 qao
1128 3928 1222 3981 pestere
1234 3909 1275 3963 di-

241 4010 273 4062 ei
288 4011 318 4063 ia
335 4009 394 4064 iad.
408 4011 467 4064 leot.
484 4012 549 4064 1818
561 4031 592 4082 p.
608 4015 683 4082 7qu
773 4029 858 4082 graue
876 4013 904 4066 Β
994 4014 1026 4066 18
1044 4011 1146 4066 mlum
1158 4014 1186 4064 A

240 4093 410 4149 uoluntarus
425 4097 454 4149 Β
470 4094 641 4152 uoluntarii*
660 4101 688 4151 A
801 4097 1030 4168 quocircumelrus
1045 4098 1074 4151 B
1091 4114 1273 4168 quocircame·

239 4178 295 4233 hul
310 4183 357 4236 sed
374 4200 390 4235 a
409 4199 469 4236 corr
486 4201 519 4236 ee
536 4201 552 4237 o
570 4186 613 4238 eet
629 4203 648 4237 u
666 4186 695 4237 A
778 4189 843 4254 post
859 4182 958 4238 melius
976 4184 1079 4239 addest
1097 4191 1139 4238 est
1155 4183 1274 4238 editores
