3260 4968
615 423 682 484 ns,
702 422 830 484 rr-o,
851 422 881 472 21
1225 425 1267 486 97

228 595 355 680 fulgera
383 591 571 678 regionibus
594 593 671 656 ratis
694 601 905 677 temperanto,
930 594 1110 677 urbemque
1126 604 1159 657 et
1174 587 1269 678 agros

230 711 263 762 et
289 696 415 781 templa
442 695 580 758 liberata
609 705 642 758 et
672 695 766 758 effata
792 695 951 774 habent03
982 717 1131 780 quaeque
1161 717 1267 781 augur

229 801 352 866 iniusta
379 799 506 864 nefasta
535 796 653 862 uitiosa
681 797 751 862 dira
773 798 931 879 defixerit,
956 799 1055 863 inrita
1077 798 1266 882 iniectaque

229 915 335 983 sunto,
361 903 483 987 quique
506 923 574 965 non
595 900 749 984 paruerit,
774 899 894 984 capital
916 913 993 966 esto.

188 1006 211 1074 9
294 1006 478 1070 Foederum
507 1005 598 1089 pacis
627 1005 707 1069 belli
728 1004 931 1068 indotiarum
952 1015 1117 1069 oratorum
1138 1004 1266 1068 fetiales
1296 1024 1312 1064 s

230 1109 355 1174 iudices
378 1109 486 1173 nontii
508 1117 618 1172 sunto:
642 1107 730 1172 bella
752 1107 964 1191 disceptanto.

233 1319 540 1327 ——-————-·—-—-

233 1473 245 1521 1
264 1468 374 1539 fulgere
391 1487 453 1523 corr
470 1466 581 1538 fulgora
592 1470 649 1523 ΑΒ
665 1465 779 1536 fulgura
796 1468 844 1522 sed
860 1485 879 1520 u
896 1474 958 1521 onte
975 1484 989 1521 r
1007 1468 1036 1522 in
1049 1487 1148 1523 rasura
1161 1471 1197 1523 H

231 1555 353 1625 urbemq3
376 1558 402 1620 (r
420 1572 482 1608 corr
500 1572 533 1608 ee
548 1557 574 1619 τ)
593 1555 622 1609 Β
638 1553 788 1624 urbemque
811 1555 839 1619 (r
856 1573 869 1606 e
887 1557 956 1616 corr)
976 1555 1004 1606 Α
1022 1554 1144 1624 urbemq;
1164 1556 1201 1608 Η

231 1641 381 1711 urbemque
394 1648 421 1694 et
436 1657 516 1710 agros
529 1640 592 1692 am.
608 1640 794 1711 Hoffmannur
808 1656 892 1710 supra
900 1657 931 1709 p.
944 1641 986 1704 96,
998 1641 1014 1691 4
1023 1643 1087 1710 post
1099 1639 1269 1694 sacerdotes·

232 1744 285 1797 que
308 1726 455 1780 inserendo
478 1725 591 1780 coniecit
711 1727 727 1778 2
746 1730 774 1778 et
790 1731 852 1778 anto
868 1723 970 1795 templa
987 1726 1088 1779 deleuit
1107 1726 1269 1780 Goerenaiue

301 1889 313 1914 ⁰
335 1811 416 1866 effata
433 1812 515 1880 uutqo
535 1810 612 1865 efflat
631 1813 671 1876 H,
691 1828 754 1865 corr
771 1810 867 1864 efflata
880 1812 936 1866 ΑΒ
1038 1810 1153 1866 habenu
1171 1814 1208 1867 Η
1220 1811 1268 1866 ha·

232 1915 312 1982 benrr
320 1916 347 1968 B
357 1913 478 1968 habento
488 1917 512 1980 (o
525 1932 587 1967 corr
598 1917 628 1966 ot
637 1913 745 1967 uidetur
756 1933 788 1967 erc
799 1917 816 1980 1)
829 1918 857 1968 Α
932 1932 1011 1985 queq3
1025 1932 1153 1985 augorrrnr
1165 1913 1274 1970 ustaH

336 2020 351 2069 3
369 2014 471 2070 urrrosa
488 2009 565 2082 adira
582 2019 610 2072 Β
728 2016 859 2071 defixerit
876 2018 940 2072 ΒΗ
954 2017 1081 2072 drfrxerrr
1098 2036 1158 2072 corr
1176 2017 1225 2072 def
1240 2021 1268 2072 Α

234 2103 334 2158 dixerit
357 2105 402 2158 oet
425 2101 543 2156 ‹ieixerit
564 2102 701 2157 Turnebus
718 2107 744 2156 et
761 2101 888 2172 Lipsiuar
906 2103 1029 2157 refixerit
1045 2103 1108 2158 Em.
1122 2106 1270 2176 Hoffman-

233 2209 282 2244 ηαδ
299 2194 326 2243 et
337 2191 370 2244 L.
383 2190 520 2260 Latoius,
541 2191 613 2259 quod
631 2206 711 2259 quam
729 2207 790 2242 uera
808 2188 915 2242 dicotur
932 2189 1042 2242 dubito:
1060 2208 1123 2243 nam
1144 2192 1221 2259 loyes,
1241 2191 1269 2245 h.

233 2295 254 2331 ο.
272 2277 360 2342 layum
378 2274 493 2339 tabulae,
509 2275 624 2344 proprio
644 2273 723 2344 refigi
740 2275 881 2336 dicuntum
899 2293 982 2344 neque
1001 2275 1129 2330 defixerit
1147 2277 1269 2347 quamuis
1310 2334 1313 2341 ,

232 2379 368 2452 sinqutore
384 2378 422 2431 sit
439 2379 504 2432 satis
522 2383 578 2432 tuto
596 2377 707 2432 destitui
722 2377 830 2431 uidetur
938 2352 1025 2432 uirrra
1043 2380 1070 2432 B
1184 2379 1269 2434 infeo-

231 2482 289 2536 της
302 2464 472 2519 Haterianus
489 2460 645 2532 infestaque
656 2464 712 2516 ΑΒ
815 2466 832 2515 4
850 2461 966 2536 ospitale
985 2470 1043 2518 esto
1061 2465 1206 2518 deteriores
1224 2483 1268 2520 oa·

232 2566 302 2639 pital
313 2574 372 2622 esto
385 2567 532 2621 Manutius
543 2535 708 2636 eanfrilesro
720 2569 749 2621 Β
761 2583 851 2621 oarrra
860 2565 932 2620 lesto
947 2568 999 2632 (sio)
1011 2569 1048 2621 Η
1056 2565 1230 2622 oarrsrolel'ro
1240 2571 1269 2622 A

336 2673 351 2722 5
370 2670 541 2724 indonatum
560 2671 596 2724 II
610 2643 752 2738 molinarii
766 2671 823 2724 ΑΒ
926 2667 1053 2724 faeuales
1068 2671 1097 2724 Β
1114 2669 1225 2751 ferrales
1238 2672 1276 2725 H

335 2760 351 2811 6
369 2755 475 2810 iudices
493 2755 582 2810 nontii
594 2763 675 2810 sunto
687 2756 787 2826 scripsi
797 2753 903 2810 iudices
911 2774 967 2810 non
979 2753 1062 2810 sunto
1077 2759 1115 2823 (το
1128 2758 1157 2810 io
1169 2775 1216 2810 ras
1228 2759 1271 2825 Η)
1318 2813 1321 2823 .

235 2843 332 2907 ΑΒΗ,
352 2842 397 2896 ius
414 2849 548 2896 noscunto
562 2841 720 2914 Madvigius
738 2859 824 2912 nuper
911 2841 1082 2911 disceptanto
1095 2844 1269 2896 Asoeass'ana

234 2927 397 2999 drsoeptarro
411 2929 507 2982 ΑΒΗ
605 2935 745 2981 oratorum
763 2927 858 2998 opinor
873 2932 912 2981 est
928 2929 961 2981 ab
979 2935 1067 2993 orato,
1087 2947 1140 2983 nort
1158 2929 1191 2981 ab
1209 2945 1270 2983 ora-

232 3021 305 3078 tore;
326 3016 377 3068 duo
396 3015 464 3067 enim
483 3012 560 3082 ponit
577 3012 691 3067 foedera
712 3013 803 3084 pacis,
822 3012 889 3068 beili
915 3012 1053 3078 indutias,
1074 3014 1136 3067 dein
1153 3031 1269 3067 seorsum

232 3097 313 3164 bella,
329 3117 406 3169 quem
419 3100 575 3153 admodum
587 3100 616 3152 in
629 3100 800 3154 enarratione
813 3103 844 3165 (o.
857 3100 897 3164 143
911 3099 941 3152 in
954 3098 1021 3153 betto
1034 3099 1214 3170 insufflando,
1225 3117 1270 3168 ye-

233 3187 326 3250 natio,
347 3186 500 3255 deponendo
505 3185 651 3255 fetialium
669 3185 792 3256 officium
809 3201 862 3237 esso
873 3184 967 3249 oluit,
981 3203 1064 3254 neque
1077 3186 1137 3239 licet
1150 3185 1208 3240 ruo
1219 3185 1269 3238 tri-

234 3271 280 3324 bus
299 3276 346 3326 aut
364 3273 482 3325 adimere
500 3270 642 3341 quicquam
659 3274 705 3322 arat
723 3269 838 3324 adiicere
849 3271 944 3333 'uttra5
964 3269 1071 3324 iudices
1092 3276 1182 3324 utitem
1204 3271 1271 3342 quid

233 3363 369 3423 uocantur,
391 3357 531 3411 declarant
549 3375 580 3410 ea
598 3375 666 3427 quae
681 3355 776 3410 scribit
794 3357 831 3410 ad
848 3359 909 3411 Att.
924 3358 949 3422 4,
963 3358 989 3422 2,
1004 3359 1020 3409 4
1038 3362 1097 3410 tum
1115 3357 1155 3410 M.
1170 3355 1271 3411 Lucul-

232 3441 276 3496 lus
294 3442 329 3497 de
347 3441 470 3496 omnium
492 3440 660 3511 collegarum
682 3439 817 3495 sententia
840 3441 985 3514 respondit
1001 3440 1145 3511 religionis
1163 3441 1270 3498 iudices

232 3527 375 3600 pontifices
396 3527 499 3594 fuisse,
518 3527 589 3598 legis
608 3533 747 3582 senatum=
768 3544 797 3581 se
816 3534 844 3582 et
860 3525 981 3597 collegas
999 3545 1064 3582 suos
1083 3527 1117 3583 de
1135 3527 1271 3599 religione

234 3614 372 3680 statuisse,
392 3613 423 3667 in
440 3621 537 3669 senatu
556 3613 590 3668 de
606 3612 669 3682 lege
688 3619 841 3668 statuturos
859 3630 921 3667 oum
933 3621 1044 3668 senatu:
1065 3615 1113 3680 aio,
1129 3620 1206 3685 puto,
1225 3617 1272 3682 fe·
1314 3640 1321 3660 .

234 3701 320 3764 tiator,
335 3718 401 3770 quos
414 3702 536 3770 politicos
552 3700 621 3753 iuris
639 3699 704 3753 betti
720 3704 746 3753 et
759 3699 837 3772 pacis
854 3700 1267 3771 inorpruescmotiruu(c.14),

226 3787 347 3855 foedera
360 3788 441 3857 paris
458 3792 506 3840 aut
523 3786 588 3841 belli
603 3785 724 3839 indutiae
741 3803 799 3839 eum
817 3791 930 3841 orantur
941 3789 984 3840 aet
999 3797 1077 3841 orata
1095 3792 1164 3852 sunt,
1179 3805 1271 3841 eorum

233 3870 340 3926 iudioes
358 3890 413 3926 aare
431 3871 502 3924 iubet
519 3873 673 3942 eosdemque
690 3889 782 3926 earum
799 3891 888 3926 rarum
905 3873 1027 3938 nuntios,
1042 3875 1116 3927 auu
1128 3875 1162 3926 de
1175 3873 1269 3945 terratis

198 4005 203 4017 ,
234 3958 327 4011 restit
338 3958 368 4011 in
385 3957 477 4012 Vatia.
493 3960 534 4023 15,
549 3959 581 4010 35
594 3964 627 4012 ut
637 3975 694 4013 non
705 3958 818 4013 nuntios
830 3958 905 4029 paris
917 3977 949 4014 ao
960 3958 1037 4024 belli,
1057 3977 1113 4013 non
1133 3965 1267 4022 oratores,

233 4061 289 4098 non
297 4042 463 4114 interpretes
472 4051 584 4099 senatus
594 4042 716 4114 deligere
727 4051 830 4115 posset,
842 4049 867 4098 et
877 4046 952 4116 apud
957 4045 1068 4099 Liuium
1075 4048 1099 4110 1,
1106 4047 1148 4110 32,
1157 4047 1174 4098 6
1178 4043 1270 4113 fetia-

233 4129 268 4182 tia
281 4147 332 4200 ego
346 4147 407 4184 sum
423 4131 512 4200 inquit
528 4128 657 4201 publicus
668 4130 783 4185 nuntius
794 4129 890 4203 populi
907 4130 1041 4185 Romaniz
1061 4133 1222 4200 eandemque
1240 4129 1270 4182 ἐπ

234 4217 289 4270 rum
300 4234 380 4286 qoam
391 4214 498 4270 iudioes
510 4219 631 4287 appellat
634 4219 759 4286 fetiales,
773 4215 847 4272 bella
858 4236 902 4272 eos
915 4216 1077 4287 disceptare,
1092 4219 1119 4270 t.
1128 4237 1150 4270 a
1162 4217 1195 4270 de
1208 4215 1272 4269 betti

286 4329 330 4360 oro.
345 4329 395 4360 uo.
410 4329 435 4359 rr.
1047 4323 1062 4372 7
