3260 4968
351 431 392 491 74
814 429 915 491 1125

349 599 495 684 patriast
524 621 566 663 an
596 611 644 663 est
673 621 740 663 una
768 600 826 663 illa
853 599 959 684 patria
981 598 1187 662 communis?
1214 598 1279 663 nisi
1301 598 1383 662 forte

349 702 491 787 sapienti
506 702 556 766 illi
571 703 688 768 Catoni
703 702 768 767 fuit
782 702 886 787 patria
900 725 968 766 non
983 702 1096 779 Rama,
1118 702 1175 764 sed
1190 703 1381 766 Tusculum.

414 808 566 871 Mmcvs.
598 809 667 892 Ego
686 829 738 871 me
760 805 894 870 hercule
917 816 950 870 et
971 805 1022 868 illi
1044 815 1078 868 et
1099 796 1384 868 omnibus'muni-

352 910 480 994 cipibus
509 911 590 974 duas
618 931 686 973 esse
715 931 830 974 censeo
852 908 981 992 patrias,
1006 929 1108 971 unam
1129 919 1277 987 naturae,
1304 909 1385 972 alte-

317 1030 422 1077 uram
444 1013 596 1077 ciuitatis.
626 1024 664 1076 ut
685 1012 742 1076 ille
765 1012 853 1090 Cato,
886 1033 984 1096 quom
1014 1023 1097 1076 esset
1118 1012 1255 1075 Tusculi
1277 1023 1381 1090 natus,

350 1117 387 1181 in
416 1117 531 1201 populi
552 1116 695 1181 Romani
726 1115 894 1180 ciuitatem
923 1125 1092 1199 susceptus
1119 1125 1175 1193 est,
1205 1115 1259 1194 ita,
1285 1137 1385 1199 quom

350 1230 425 1283 ortu
440 1220 647 1283 Tusculanus
663 1229 754 1298 esset,
772 1218 906 1282 ciuitate
921 1218 1099 1295 Romanus,
1116 1217 1234 1282 habuit
1248 1218 1385 1282 alteram

351 1323 416 1386 loci
437 1323 585 1406 patriam,
611 1323 747 1385 alteram
769 1321 858 1400 iuris,
883 1333 921 1385 ut
936 1321 1037 1385 uestri
1051 1320 1162 1399 Attici,
1180 1321 1270 1405 prius
1285 1343 1384 1405 quam

351 1427 497 1490 Theseus
519 1446 573 1489 eos
596 1425 776 1510 demigrare
799 1448 841 1488 ex
863 1424 948 1509 agris
971 1434 1004 1488 et
1032 1424 1068 1488 iu
1096 1435 1177 1502 astu,
1210 1426 1298 1509 quod
1326 1446 1384 1509 ap-

308 1543 335 1584 10
352 1528 502 1613 pellatur,
528 1528 633 1592 omnis
656 1551 689 1592 se
712 1528 859 1593 conferre
881 1529 936 1612 [se]
955 1527 1057 1605 iussit,
1076 1537 1108 1590 et
1122 1527 1174 1591 sui
1189 1539 1282 1592 erant
1296 1528 1385 1593 idem

352 1800 457 1856 habml
475 1806 518 1874 (uu
537 1803 649 1872 antiqua
666 1819 748 1855 manu
766 1802 992 1873 superauctum
1013 1776 1066 1872 id*
1079 1800 1180 1855 dualis
1194 1821 1295 1857 sorren
1307 1803 1385 1872 qu1d-

353 1886 436 1951 ual1l3
459 1888 570 1958 denique
587 1887 694 1943 habms
709 1893 841 1942 mutatum
859 1887 888 1940 in
905 1886 1016 1941 habeus
1019 1891 1025 1952 1
1042 1894 1069 1942 A
1081 1890 1160 1941 uiam
1172 1887 1239 1958 qmd
1256 1887 1308 1943 uos
1319 1887 1388 1942 duel

351 1972 462 2029 habeus
479 1973 648 2030 Heinsianus
670 1973 808 2027 uestram?
831 1972 916 2043 quid?
940 1972 1009 2027 duas
1033 1991 1084 2027 uos
1107 1973 1214 2027 habetis
1238 1975 1384 2034 Halmius:

352 2063 398 2115 sed
416 2059 549 2130 numquid
566 2059 671 2114 iniuria
689 2060 835 2130 spernitur,
852 2059 920 2129 quod
932 2060 1024 2129 aptius
1042 2063 1080 2112 eet
1092 2078 1171 2130 quam
1184 2060 1251 2130 quid
1263 2066 1328 2131 post
1341 2061 1385 2114 in-

351 2147 562 2217 terroyationem
573 2147 688 2200 alterurn
700 2144 781 2215 quale
799 2153 842 2200 est
859 2145 975 2210 illatum,
990 2149 1015 2198 et
1026 2162 1077 2199 uos
1090 2147 1194 2200 nullam
1205 2147 1383 2217 habetfidem,

352 2235 378 2288 si
395 2234 501 2304 quidem
517 2231 685 2286 Heinsiunus
702 2232 848 2301 manifesto
866 2236 1000 2286 correctus
1017 2236 1065 2296 est,
1085 2230 1178 2285 dualis
1193 2237 1280 2286 autem
1298 2250 1386 2304 uppa-

352 2337 479 2392 retunde
497 2341 585 2390 ortum
602 2336 639 2390 sit
657 2336 807 2406 insequente
824 2332 936 2389 habeus
1057 2336 1068 2385 l
1088 2327 1243 2405 patrissare
1261 2342 1276 2388 e
1295 2339 1322 2390 Β
1339 2355 1386 2407 pa-

351 2422 528 2478 rnassum-e·
549 2419 571 2487 (1
586 2441 600 2474 e
618 2440 687 2485 corr,
701 2422 765 2492 snit
782 2439 874 2492 parus
892 2419 956 2474 lane
974 2423 996 2485 e)
1016 2422 1043 2472 A
1061 2417 1212 2491 parrrallan
1229 2421 1245 2473 e
1263 2423 1297 2475 Η

350 2527 451 2582 parrae
468 2526 529 2563 corr
546 2524 587 2560 ria
605 2509 633 2562 B
736 2505 886 2562 communis
900 2509 928 2562 B
1032 2503 1235 2572 3meberculae
1254 2508 1279 2572 (b
1296 2514 1386 2562 muta-

350 2601 410 2648 tum
427 2595 457 2648 in
474 2595 500 2660 h)
514 2596 541 2647 Β
645 2595 661 2644 4
678 2590 774 2646 caenle
791 2590 916 2663 oparrral'
932 2612 995 2647 corr
1012 2591 1251 2663 caenleosparrral
1260 2595 1288 2648 B

353 2698 436 2734 unam
456 2687 585 2743 naturae,
607 2676 721 2731 alteram
739 2677 860 2732 ciuitatis
880 2679 1025 2734 deteriores
1039 2685 1100 2756 ‘una
1116 2697 1245 2733 namram
1263 2680 1389 2735 erusteus

353 2784 447 2836 ΑΒΗ
558 2784 573 2832 5
592 2755 674 2858 fluum
696 2778 739 2834 elr
757 2783 785 2835 Β
808 2788 940 2850 quemue*
958 2786 983 2836 A
1002 2757 1064 2837 ciiin
1076 2780 1119 2836 elr
1132 2783 1168 2835 H
1247 2793 1320 2838 esset
1331 2787 1387 2839 As-

351 2885 480 2940 eensiunu
590 2888 665 2939 61ra
682 2884 780 2949 ΑΒΗ,
801 2887 871 2954 quod
886 2903 979 2939 uerum
996 2889 1050 2952 est,
1071 2904 1231 2955 quamquam
1248 2905 1301 2940 nen
1318 2893 1388 2942 reete

356 2971 508 3042 explicetur
525 2969 555 3024 in
572 2970 684 3025 Hasna·
704 2970 855 3025 Tursellino
873 2972 888 3021 3
903 2990 933 3042 p.
947 2973 1010 3032 471;
1032 2972 1245 3041 consequentiam
1262 2973 1333 3027 enim
1345 2975 1387 3027 de·

354 3059 445 3128 0190101
463 3059 545 3122 (uelut
563 3057 595 3110 de
610 3076 649 3111 er.
665 3059 687 3121 1,
705 3058 744 3121 18,
761 3057 808 3120 83;
832 3058 854 3121 1,
872 3059 914 3122 34,
933 3059 988 3120 154]
1006 3075 1089 3126 neque
1106 3057 1195 3126 inepte
1212 3058 1241 3111 in
1258 3060 1309 3112 100
1327 3077 1387 3112 ora·

351 3161 425 3214 tione
437 3159 561 3230 superior
574 3159 705 3214 sententia
716 3159 847 3229 repetitur
860 3162 950 3229 (quom
962 3164 1032 3224 ortu)
1136 3135 1227 3266 qihinr
1235 3159 1317 3216 ortus
1330 3161 1389 3216 rul-

352 3251 451 3318 culanh
463 3267 518 3329 (ort
528 3281 589 3317 corr
601 3268 626 3316 et
638 3261 652 3316 l
661 3263 722 3327 add,
736 3249 772 3316 ni)
784 3268 914 3316 mutatum
926 3283 958 3317 ee
969 3266 1014 3328 nu)
1023 3267 1050 3318 A
1060 3238 1146 3342 iruum
1158 3281 1224 3317 ortu
1241 3263 1388 3319 tusculano

354 3369 382 3420 Β
400 3384 461 3420 cum
478 3383 543 3420 ortu
560 3364 725 3420 tusculanus
741 3364 797 3422 trus
813 3366 842 3419 in
861 3367 951 3431 litura)
967 3368 1135 3422 Heinsiunus
1241 3371 1255 3419 1
1274 3368 1387 3422 ciuitate

354 3453 495 3506 Romanus
520 3453 664 3506 deteriores
686 3469 829 3505 cruuarem
848 3469 951 3505 romam
968 3455 996 3508 B
1014 3459 1131 3507 ιιιιιτιτὲ
1149 3470 1253 3507 romam
1272 3455 1308 3507 H
1320 3471 1387 3508 ciur-

352 3555 414 3590 rsre
436 3544 512 3591 roma
535 3540 581 3592 sed
604 3557 666 3592 cerr
683 3545 799 3591 ciuitate
818 3545 844 3592 A
967 3541 983 3590 9
1006 3556 1053 3593 eos
1072 3538 1226 3609 demigrare
1244 3539 1387 3593 Manutius

352 3621 475 3693 eolldem
496 3640 615 3692 mrgrare
633 3626 695 3679 BH
715 3621 794 3678 eolde
812 3640 930 3693 migrare
948 3628 976 3678 A
1099 3625 1124 3678 a
1142 3631 1153 3676 ῑ
1172 3622 1233 3678 estu
1252 3627 1277 3690 (ῑ
1293 3625 1323 3678 in
1341 3644 1389 3678 ras

353 3711 427 3774 corr)
447 3711 484 3763 H
593 3709 731 3780 apellatur
748 3711 776 3764 B
898 3712 929 3763 10
947 3708 1036 3764 omnis
1054 3708 1144 3774 (orius)
1171 3707 1197 3763 le
1216 3710 1342 3764 conferre
1360 3708 1388 3764 le

353 3793 544 3859 ιιιίΤιτΑΒΗ,
564 3797 679 3850 alterum
696 3813 726 3850 se
744 3815 787 3850 om
799 3797 980 3861 Monacensis,
998 3796 1079 3866 prius
1097 3796 1150 3850 alii
1166 3814 1209 3849 em
1258 3859 1262 3876 a
1296 3803 1324 3850 et
1337 3794 1388 3850 Su-

354 3881 394 3934 nii
412 3888 490 3935 erant
507 3881 590 3935 iidem
608 3889 636 3935 et
653 3881 739 3936 Attici
750 3883 787 3934 R.
802 3882 953 3951 Stephanus
971 3889 999 3936 et
1016 3881 1060 3935 sui
1079 3887 1156 3935 erant
1172 3880 1245 3936 idem
1262 3889 1289 3936 et
1301 3882 1388 3936 Attici

354 3967 721 4039 Maduiqiuslopp.2‚146)
741 3969 766 4022 81
785 3967 930 4038 lymlranu
949 3967 1073 4021 demeret
1089 3964 1156 4020 ucri
1166 3968 1230 4022 B&
1247 3965 1388 4021 limlsrsn-

351 4053 441 4107 ridem
458 4054 483 4107 &
502 4051 601 4107 aurcis
617 4052 688 4122 (fuit
704 4057 733 4106 ut
749 4053 858 4108 uidetur
874 4051 1025 4120 hmferaur)
1044 4058 1071 4109 A
1089 4054 1115 4107 a
1133 4051 1344 4123 symfranndem
1362 4053 1387 4107 e

354 4138 453 4193 emeli
469 4141 514 4199 H‚·
537 4139 620 4206 [tenui
636 4156 715 4210 quum
739 4145 820 4193 antea
841 4146 945 4194 senatus
965 4157 1038 4194 erum
1057 4139 1202 4210 Maduiqii
1218 4138 1384 4202 sententiam,

354 4243 518 4296 quamquam
535 4227 611 4299 lenqe
629 4227 709 4279 aliter
727 4227 758 4279 cle
777 4229 831 4279 1010
849 4227 905 4280 1000
923 4225 1042 4280 iudicare
1060 4226 1138 4280 uideo
1156 4227 1219 4279 Em.
1237 4225 1388 4298 Hoffman-
