3252 4964
632 448 656 488 11
674 438 715 499 22,
731 437 842 488 56-57
1197 441 1257 502 143

224 609 314 673 biore
337 607 411 672 odio
433 606 597 686 incitatus,
619 607 770 690 quamsi
791 615 855 671 tam
877 606 1007 690 sapiens
1029 607 1144 673 fuisset
1159 631 1258 693 quam

176 719 213 774 57
225 711 289 776 fuit
311 712 498 776 uehemens.
523 709 612 794 quod
632 710 723 775 haud
745 711 811 774 scio
834 732 877 773 an
900 711 1019 775 timens
1044 734 1082 776 ne
1104 735 1163 782 suo
1186 735 1258 777 cor-

224 816 297 900 pori
323 824 432 898 posset
458 814 618 893 accidere,
642 814 769 898 primus
791 835 809 877 a
830 815 977 898 patriciis
999 815 1160 880 Corneliis
1187 816 1258 901 igni

225 918 332 982 uoluit
354 917 500 981 cremari.
525 917 668 981 declarat
690 917 779 981 enim
794 917 923 981 Ennius
939 918 979 981 de
994 918 1162 983 Africano:
1186 913 1258 983 ‘hic

226 1032 274 1085 est
294 1021 351 1084 ille
374 1013 481 1084 situa'
506 1042 597 1099 uere;
625 1042 704 1083 nam
731 1019 785 1084 siti
808 1021 965 1084 dicuntur
986 1021 1037 1101 iis
1050 1022 1107 1104 qui
1134 1022 1259 1086 conditi
1289 1043 1301 1081 s

226 1134 310 1188 sunt.
334 1145 396 1187 nec
418 1133 530 1187 tamen
551 1144 665 1187 eorum
687 1134 763 1187 ante
785 1123 998 1208 sepulchrum
1017 1134 1073 1202 est,
1091 1145 1191 1208 quam
1205 1125 1258 1188 iu-

226 1237 275 1291 sta
300 1227 387 1291 facta
413 1237 446 1290 et
472 1248 590 1311 porcus
613 1248 726 1291 caesus
750 1238 806 1290 est.
831 1237 864 1290 et
887 1228 974 1310 quod
996 1249 1087 1290 nunc
1110 1250 1258 1292 commu-

225 1330 311 1394 niter
332 1330 368 1392 in
391 1330 542 1394 omnibus
564 1330 700 1414 sepultis
723 1329 816 1394 uenit
838 1352 909 1408 usu,
935 1340 972 1394 ut
994 1330 1123 1394 humati
1145 1331 1258 1395 dican-

227 1558 533 1566 -————-—--

228 1707 301 1779 apud
313 1725 437 1762 anienem
450 1707 514 1772 (siue
526 1710 593 1771 ame)
608 1707 645 1760 H
708 1706 794 1773 [Mari
813 1707 880 1761 sitas
894 1706 1025 1776 reliquias
1039 1705 1113 1777 apud
1124 1706 1260 1760 Anienem

225 1794 318 1864 posita
337 1812 387 1863 quo
399 1811 481 1864 supra
493 1795 518 1858 2,
532 1795 573 1858 12,
587 1793 617 1844 31
628 1812 658 1865 p.
673 1795 731 1857 110,
746 1794 777 1844 13
796 1812 812 1847 s
831 1792 944 1847 summio
961 1790 1087 1863 imperiis
1104 1791 1260 1847 comitiatus

229 1886 256 1934 et
266 1877 383 1934 concilia
394 1879 522 1933 instituta
536 1881 580 1946 (cf.
595 1881 626 1932 de
637 1897 696 1949 rep.
713 1881 736 1944 1,
749 1881 774 1944 2,
789 1880 804 1930 3
823 1878 893 1932 bene
911 1867 1078 1933 constitutae
1090 1876 1198 1932 ciuitati
1210 1896 1260 1949 pu·

227 1964 300 2019 blico
318 1965 379 2019 iure
398 1972 425 2019 et
442 1963 579 2030 moribus,
600 1966 670 2035 quod
686 1967 732 2020 uel
749 1964 939 2019 Heinricbium
954 1966 1132 2035 fefellerat),·
1154 1964 1261 2018 notauit

226 2069 302 2106 amm
315 2051 475 2122 Maduiqiua
493 2068 552 2104 cum
569 2051 638 2104 olibi
653 2055 709 2104 tum
721 2051 832 2121 plenius
849 2049 912 2103 Em.
928 2051 992 2104 Diu.
1006 2052 1049 2114 ed.
1062 2052 1077 2102 2
1091 2068 1123 2120 p.
1139 2051 1188 2102 330
1207 2068 1258 2119 sq„

227 2137 279 2191 illa
296 2138 418 2206 eaanpla
434 2155 489 2190 non
506 2136 613 2207 aniate.-
636 2138 670 2191 de
691 2137 778 2190 simili
798 2154 955 2208 praecorum
972 2155 1047 2190 more
1065 2137 1200 2206 copiosius
1218 2135 1263 2204 epi

228 2223 520 2278 CommentatAristl
533 2223 597 2274 1872
605 2241 634 2293 p.
643 2224 674 2274 41
684 2225 750 2292 epa]
818 2219 961 2292 dissipem
969 2224 997 2275 A
1009 2219 1168 2292 dissipamus
1178 2218 1216 2272 11τ
1228 2222 1265 2273 H

312 2307 372 2362 s1lla
389 2311 418 2361 A
435 2306 503 2380 sylla
520 2309 547 2360 B
564 2306 635 2361 lulla
652 2326 684 2360 ec
701 2306 723 2360 11
740 2307 789 2362 1lla
806 2325 867 2361 corr
885 2309 922 2362 Η
1006 2310 1017 2360 1
1040 2305 1127 2376 laodic
1146 2307 1174 2358 A

226 2392 360 2448 numus
376 2396 414 2448 H
496 2394 519 2449 si
536 2401 592 2448 tam
610 2395 765 2460 deteriores,
786 2412 829 2448 om
846 2395 947 2458 ΑΒΕ·
968 2394 1039 2447 illud
1056 2392 1188 2448 Halmius
1206 2407 1261 2444 non

226 2486 295 2534 recte
313 2479 408 2550 opinor
425 2481 540 2535 latinum
558 2499 613 2534 esse
631 2481 755 2549 neyauits
766 2483 891 2550 forulum
906 2480 1042 2534 Turnebus
1057 2477 1200 2549 explicuit.-
1218 2476 1260 2530 ni-

226 2565 325 2619 mirum
337 2567 445 2638 plenius
457 2571 568 2635 poterat
584 2567 641 2620 dici
658 2565 799 2621 acerbiore
812 2565 876 2620 odio
888 2565 1018 2620 incitatus
1030 2581 1113 2634 quam
1123 2563 1224 2617 fuisset
1236 2562 1260 2616 si

227 2658 283 2704 tam
295 2650 404 2722 sapiens
416 2651 517 2707 luisset
527 2670 610 2723 quam
621 2652 677 2706 fuit
688 2652 850 2715 uehemens;
873 2654 967 2723 consor
980 2652 1004 2716 3,
1021 2651 1061 2715 10,
1077 2651 1123 2713 23;
1144 2650 1258 2720 adsum.

227 2756 252 2818 3,
266 2756 322 2818 6,2
444 2755 553 2824 lquod
571 2774 621 2809 aur
640 2758 681 2820 H,
702 2771 763 2810 corr
780 2753 856 2808 haud
872 2756 929 2809 AB
1050 2717 1187 2807 umetisuo
1204 2753 1261 2806 AB

226 2857 314 2893 nmen
331 2837 379 2894 suo
399 2842 436 2894 H
551 2859 586 2895 ne
604 2843 713 2897 addidit
731 2841 882 2896 Lambinus
1002 2855 1116 2909 corpore
1134 2840 1179 2904 H,
1200 2854 1261 2892 corr

227 2959 252 2995 n
268 2943 325 2996 AB
412 2947 428 2996 3
447 2944 577 2999 accedere
594 2947 665 3010 AH,
684 2963 744 3000 corr
761 2945 807 3000 ord
823 2946 850 2996 B
945 2946 968 3009 e]
988 2934 1021 3008 {ae
1038 2944 1066 2996 B
1157 2939 1261 2994 corneli

227 3044 287 3081 corr
302 3027 332 3081 l1’
351 3030 389 3082 H
468 3030 578 3084 Plinius
591 3033 629 3084 N.
644 3033 684 3086 H.
700 3033 725 3096 7,
740 3034 782 3095 54,
800 3032 848 3082 187
867 3030 958 3100 ipsum
974 3044 1095 3082 cremare
1113 3026 1187 3096 apud
1204 3026 1261 3080 Ro-

227 3131 322 3167 manos
339 3132 394 3168 non
411 3115 467 3169 tuit
484 3115 588 3171 ueteris
605 3117 739 3171 instituti:
758 3124 832 3170 terra
849 3114 1046 3169 condebantur.
1070 3117 1099 3165 at
1115 3118 1261 3181 postquam

226 3195 385 3271 longinquis
402 3199 483 3254 bellis
500 3202 615 3256 obrutos
634 3203 693 3256 erui
711 3219 879 3272 cognouere,
900 3208 966 3255 tunc
987 3197 1153 3252 institutum.
1177 3203 1205 3249 et
1220 3202 1261 3249 ta·
1336 3225 1342 3243 ι

227 3300 289 3337 men
307 3283 410 3339 multae
427 3285 550 3341 familiae
566 3288 672 3358 priscos
690 3305 837 3342 seruauere
855 3286 936 3351 ritus,
951 3285 1023 3339 sicut
1033 3283 1063 3336 in
1075 3281 1261 3336 Corneliane-

227 3385 271 3422 mo
289 3376 353 3424 anta
370 3368 475 3425 Sullam
492 3371 654 3427 dictatorem
671 3372 790 3427 traditur
807 3379 953 3438 crematus,
973 3368 1056 3440 idque
1073 3367 1196 3422 uoluisse
1213 3385 1261 3422 ue-

227 3455 312 3508 ritum
328 3455 459 3510 talionem
476 3465 556 3511 eruto
569 3458 600 3512 Ο.
614 3458 688 3512 Mari
700 3457 842 3512 cadauere.
861 3455 986 3529 sepultus
1003 3472 1070 3509 uero
1084 3453 1262 3524 intellegatur

228 3556 337 3610 quoquo
350 3542 431 3597 modo
443 3544 580 3610 conditus,
595 3544 723 3598 humatus
735 3562 803 3599 uero
815 3545 899 3599 humo
911 3549 1061 3598 contectus.
1148 3544 1165 3593 4
1178 3540 1258 3606 enim]

229 3625 311 3680 etiam
328 3647 345 3681 a
367 3629 512 3683 Goerenzio
537 3635 768 3684 commemoratum
785 3632 950 3684 commendat
967 3627 1129 3698 Maduipias
1145 3627 1261 3682 Emend.

222 3728 254 3780 p.
270 3715 311 3777 76,
331 3731 385 3767 non
398 3715 580 3785 probabiliter
683 3714 857 3770 deasfrrcano
877 3715 904 3782 (f
920 3718 1036 3779 erasum)
1055 3716 1083 3767 A
1102 3713 1137 3768 (le
1154 3714 1261 3767 affncs·

227 3815 263 3850 no
282 3799 319 3851 H
410 3803 424 3852 5
443 3799 516 3854 sitm
536 3801 704 3856 Heinsianas
722 3800 802 3854 sius*
820 3803 847 3854 A
867 3805 990 3872 (propter
1007 3801 1153 3855 Halmium
1170 3818 1261 3854 moneo

228 3884 349 3938 dubitari
365 3905 419 3941 non
436 3888 528 3942 debere
547 3887 611 3958 quin
629 3888 701 3940 idem
718 3889 747 3941 in
765 3890 793 3941 A
810 3894 873 3942 ante
890 3905 1014 3942 rasuram
1025 3887 1119 3957 fierit
1135 3887 1206 3956 qaod
1222 3889 1261 3940 est

226 3971 256 4024 in
274 3970 434 4037 Heinsiano)
540 3973 580 4026 hu
597 3975 625 4026 A
642 3974 673 4026 h1
690 3974 755 4028 BH
855 3977 869 4026 7
892 3976 926 4039 et]
944 3973 1006 4040 eil&
1026 3973 1063 4026 H
1160 3988 1260 4042 porcus

227 4055 389 4111 landbertus
408 4059 550 4113 Commeat.
564 4059 689 4130 pontific.
703 4077 736 4128 p.
751 4061 783 4112 73
801 4058 902 4130 corpus
918 4061 1012 4114 ΑΒΗ
1094 4055 1188 4112 caelus
1202 4074 1261 4110 corr

227 4141 257 4195 in
274 4141 368 4211 caelius
376 4148 404 4196 A
508 4147 556 4211 est]
573 4145 610 4199 sit
622 4145 782 4216 Maduipius
885 4148 901 4199 8
919 4145 1026 4213 mdlnila
1044 4144 1091 4198 aad
1107 4161 1135 4197 m
1152 4161 1213 4197 corr
1231 4143 1261 4196 in

224 4245 258 4298 Jn
274 4230 302 4283 B
433 4229 549 4300 pennus
563 4232 620 4284 AB
637 4229 728 4301 penrr'
748 4232 784 4285 H
796 4231 909 4300 ponitur
926 4238 959 4284 ut
979 4230 1117 4298 Turnebus
1134 4229 1213 4283 uenit
1229 4234 1262 4281 ut
