3260 4968
357 409 398 470 80
779 413 802 453 11
820 403 844 465 i,
865 401 959 450 ii-io

358 599 436 641 uero
458 575 607 658 intellegi
630 575 675 638 sic
699 583 832 657 oportet,
859 583 891 635 et
912 572 974 635 hoc
998 581 1030 633 et
1052 570 1116 634 alia
1135 568 1223 632 iussa
1238 590 1275 632 ac
1291 569 1394 631 uetita

358 679 556 764 populorum
579 677 648 740 uim
670 678 790 740 habere
811 675 852 738 ad
874 684 960 738 recte
976 674 1062 737 facta
1077 672 1219 736 uocandi
1235 684 1268 735 ct
1283 694 1302 734 a
1315 693 1394 755 pec-

360 783 440 846 catis
471 781 640 858 auocandi,
674 802 757 863 quae
786 780 837 842 uis
866 801 934 842 non
965 777 1060 840 modo
1090 775 1198 839 senior
1225 787 1274 840 est
1296 796 1395 858 quain

361 898 448 950 aetas
462 885 660 969 populorum
676 893 708 946 et
724 883 918 961 ciuitatium,
933 882 990 945 sed
1002 879 1146 964 aequalis
1161 879 1251 942 illius
1266 879 1395 943 caelum

329 1002 458 1072 eatque
489 1000 590 1052 terras
621 985 743 1049 tuentis
771 996 804 1048 et
832 985 974 1070 regentis
997 984 1058 1047 dei.
1083 1005 1190 1066 neque
1214 982 1304 1046 enim
1326 1005 1394 1046 csse
1410 989 1448 1043 io

362 1115 454 1156 mens
477 1091 591 1154 diuina
614 1089 683 1152 sine
707 1087 832 1151 ratione
854 1100 968 1172 potest,
1000 1109 1061 1150 nec
1086 1087 1167 1150 ratio
1190 1085 1306 1149 diuina
1328 1109 1396 1150 non

361 1195 447 1258 hanc
477 1194 547 1256 iiim
576 1194 611 1255 in
641 1192 737 1255 rectis
767 1191 942 1275 prauisque
972 1189 1157 1266 sanciendis
1186 1189 1293 1268 habet,
1323 1211 1393 1268 nec,

363 1299 439 1381 quia
459 1318 622 1380 nusquam
645 1306 714 1357 erat
736 1295 903 1378 scriptum,
928 1305 966 1357 ut
988 1305 1102 1357 eontra
1124 1292 1230 1357 omnis
1252 1292 1397 1356 hostium

363 1401 471 1484 copias
493 1401 530 1463 iri
552 1410 650 1483 ponte
674 1421 760 1461 unus
783 1397 952 1461 adsisteret
975 1419 993 1459 a
1015 1408 1172 1482 tergoque
1194 1407 1329 1480 pontem
1343 1396 1397 1459 in·

319 1503 518 1568 interscindi
548 1504 688 1578 iuberet,
722 1501 844 1564 idcirco
873 1501 983 1563 minus
1013 1500 1173 1565 Coclitem
1201 1498 1299 1562 illum
1328 1521 1398 1562 rem

362 1607 496 1692 gessisse
519 1617 643 1669 tantam
665 1604 867 1668 foititudinis
888 1604 960 1688 lege
983 1615 1080 1686 atque
1103 1603 1240 1687 imperio
1266 1603 1398 1686 putabi-

363 1732 451 1787 mus,
477 1731 552 1774 nec.
578 1709 604 1771 si
624 1718 782 1792 regnante
806 1710 846 1771 L.
866 1707 1044 1790 Tarquinio
1067 1707 1160 1769 nulla
1183 1717 1252 1770 erat
1273 1706 1397 1770 Romae

366 1813 486 1896 scripta
508 1813 562 1875 lex
586 1812 625 1874 de
648 1810 782 1894 stupris,
808 1811 929 1874 idcirco
952 1832 1020 1873 non
1043 1821 1156 1873 contra
1178 1810 1270 1872 illam
1292 1810 1398 1894 legem

364 1916 595 1999 sempiternam
616 1915 688 1978 Sex.
705 1913 904 1996 Tarquinius
927 1913 997 1976 uim
1012 1913 1193 1992 Lucretiae,
1211 1912 1399 1996 Tricipitini

323 2038 347 2077 is
364 2018 459 2096 filiae,
485 2018 603 2082 attulit.
628 2029 697 2081 erat
719 2017 807 2081 enim
833 2017 922 2096 ratio,
947 2016 1092 2100 profecta
1108 2039 1128 2078 a
1142 2038 1252 2080 rerum
1271 2027 1396 2094 natura,

472 2382 483 2431 1
504 2380 529 2432 &
547 2385 608 2433 onte
627 2378 681 2433 alia
699 2396 758 2432 corr
775 2379 802 2430 A
923 2375 1158 2447 iussailaeau&ita
1176 2379 1229 2444 lu&
1247 2379 1277 2431 i'n
1294 2381 1399 2442 rasura)

367 2469 394 2518 A
412 2462 483 2518 iussa
501 2483 532 2518 ac
550 2482 667 2518 uenum
682 2467 720 2528 H,
741 2465 811 2518 unde
829 2463 912 2517 lituro
930 2463 960 2516 in
973 2467 999 2517 A
1018 2464 1169 2533 explicatur
1259 2467 1274 2516 2
1293 2482 1324 2517 ar
1341 2480 1401 2516 corr

367 2550 403 2604 ad
420 2552 447 2603 A
534 2551 611 2605 facta
629 2555 683 2616 laci
701 2553 768 2614 corr)
788 2553 815 2603 A
918 2551 943 2603 da
962 2569 978 2604 a
995 2569 1058 2604 corr
1075 2555 1102 2604 A
1208 2548 1399 2621 3auocandiq

366 2635 428 2690 mis
447 2641 477 2706 [q;
498 2655 558 2689 corr
570 2638 598 2690 iii
612 2643 635 2706 q
648 2638 674 2690 li.
689 2655 711 2688 e.
725 2639 803 2704 quae)
818 2635 843 2687 B
861 2636 1066 2706 auocandique*
1084 2634 1129 2689 uis
1143 2638 1206 2740 ἔφη
1225 2655 1287 2690 corr
1298 2636 1327 2689 i'ii
1339 2640 1400 2714 quq)

368 2741 395 2790 A
413 2738 547 2791 auooandi
561 2755 658 2807 quinae
676 2736 735 2791 tuis
745 2741 777 2792 H
856 2739 946 2793 senior
959 2742 1007 2806 est]
1019 2738 1161 2810 senriorem
1180 2741 1268 2806 (etiam
1280 2741 1309 2794 iii
1322 2757 1336 2794 r
1348 2740 1403 2794 oli-

367 2825 433 2894 quid
445 2829 590 2878 correctam
602 2825 671 2894 quod
682 2843 733 2877 ηοω
746 2824 874 2894 intelliqo)
889 2827 924 2879 H
1033 2824 1121 2880 laras
1136 2831 1161 2880 et
1178 2845 1238 2881 moa
1256 2824 1361 2897 aquahs
1371 2829 1404 2881 Η

454 2926 614 2963 ciuitatium
625 2911 717 2964 ΑΒΗ
732 2910 784 2975 (rie)
878 2909 926 2965 sed
944 2911 971 2976 (d
988 2917 1056 2978 corr)
1072 2916 1099 2966 A
1188 2911 1277 2966 celum
1296 2913 1332 2966 H

368 3017 383 3066 5
402 2987 516 3082 tuendis
531 3014 560 3066 Β
578 3011 688 3066 tuentis
706 3017 738 3078 (τι
755 3015 784 3067 i'a
801 3019 905 3081 rasura)
924 3019 952 3068 A
968 3013 1079 3069 tuentis
1096 3017 1131 3068 H
1225 3016 1323 3086 demiq
1343 3032 1404 3068 corr

369 3099 484 3170 dei·neq;
504 3101 531 3153 B
549 3099 670 3178 dejsneq
690 3099 760 3168 (fuit
777 3100 811 3153 de
829 3104 905 3172 Imq3)
925 3103 961 3154 H
975 3100 1115 3170 demequel
1136 3103 1181 3166 (rie
1199 3105 1277 3167 corr)
1296 3105 1316 3154 A

369 3209 415 3256 eni
432 3200 509 3256 mens
524 3177 693 3257 diuinaoesine
710 3219 818 3257 ratione
836 3201 930 3274 potest
946 3221 997 3258 nee
1014 3221 1088 3258 ratio
1107 3203 1202 3258 diuma
1217 3205 1247 3257 iii
1268 3222 1364 3259 rasura
1376 3207 1403 3257 A

480 3292 494 3340 7
514 3286 681 3343 sancciendis
697 3291 724 3344 Β
742 3287 895 3343 sanciendis
912 3292 958 3354 (iic
975 3291 1005 3344 i'a
1022 3293 1133 3354 rasura)
1152 3294 1180 3343 A
1204 3287 1357 3345 sanciendis
1372 3293 1408 3344 H

480 3371 628 3446 Siciripu‘i
646 3380 672 3428 A
778 3372 866 3428 omnis
882 3379 909 3440 (n
926 3379 993 3441 corr)
1012 3378 1040 3428 A
1150 3379 1262 3448 tcopia
1281 3395 1342 3430 cori·
1360 3393 1404 3430 co-

370 3459 430 3530 pias
445 3462 473 3515 B
579 3460 699 3532 copiasm
718 3460 783 3525 (alin
800 3461 830 3514 iit
847 3463 949 3525 rasura)
969 3464 997 3513 A
1015 3459 1108 3532 copias
1122 3475 1153 3515 ln
1173 3464 1208 3516 H
1307 3478 1403 3531 atergo

370 3555 439 3631 quae
457 3565 512 3617 AB
537 3581 652 3633 astorgo
670 3582 723 3644 quq
742 3567 772 3628 (a
790 3568 815 3617 et
830 3582 847 3616 τ
865 3583 878 3616 e
896 3567 969 3628 corr)
990 3565 1026 3617 H
1139 3567 1169 3616 10
1188 3564 1315 3619 cochiem
1334 3569 1358 3626 (e
1375 3565 1404 3618 i'ii

370 3651 481 3711 rasura)
502 3651 529 3700 A
643 3648 752 3704 illurem
776 3651 839 3716 (oio)
865 3651 892 3702 A
1011 3652 1039 3702 ll
1067 3647 1260 3719 gessisseianid
1284 3648 1354 3717 (sset
1376 3650 1405 3703 iii

371 3737 478 3836 rqriira)
498 3737 525 3786 A
646 3734 797 3790 fortudinis
812 3739 839 3788 A
860 3733 1046 3790 forritudinel'
1067 3733 1195 3790 corruis
1210 3740 1238 3792 B
1260 3736 1405 3791 fortitudi-

371 3812 435 3900 nimr
453 3839 488 3891 H
571 3832 711 3909 lputabiiii3
734 3857 782 3892 iiec
800 3840 830 3892 i'n
847 3842 984 3894 rasuinA
1073 3843 1103 3891 12
1122 3841 1154 3893 L.
1168 3839 1316 3909 Tarquinio
1334 3840 1406 3893 Tur·

373 3923 452 3978 nebia
464 3940 636 3991 *iterquinio
648 3927 676 3976 A
691 3927 793 3994 (prima
812 3943 907 3978 monus
925 3925 1049 3998 coquosei'
1065 3945 1119 3979 riori
1132 3930 1234 3996 potest)
1253 3925 1284 3979 ul
1300 3943 1406 3996 tarqui·

372 4028 419 4065 nio
432 4009 601 4065 Heinrionus
616 4028 758 4080 tarquinio
770 4013 798 4065 Β
902 4012 1006 4065 Romae
1023 4011 1086 4065 olim
1105 4017 1251 4066 correctum
1268 4029 1362 4082 prome
1380 4014 1408 4064 A

372 4113 438 4166 qima
454 4099 519 4152 BH
625 4099 656 4148 14
673 4115 719 4150 iar
737 4097 866 4166 quiiniul
881 4103 907 4152 A
1009 4097 1144 4152 lueraecna
1161 4100 1189 4153 B
1304 4099 1334 4149 15
1353 4095 1409 4151 filil

370 4218 409 4270 pr
426 4218 488 4254 corr
505 4200 534 4254 in
552 4198 611 4280 itha
629 4202 657 4255 B
770 4175 859 4254 aiuht
873 4204 901 4254 A
1005 4201 1129 4271 prolecta
1146 4219 1161 4255 a
1180 4201 1322 4256 deteriores
1345 4217 1408 4271 pro·
