3260 4968
720 419 820 481 nna
1243 422 1284 482 75

253 601 286 654 et
307 589 417 668 Attici,
452 589 498 653 sic
529 611 589 652 nos
617 601 650 653 et
678 610 750 653 eom
778 587 918 673 patriam
941 589 1100 668 ducimus,
1126 590 1184 654 ubi
1205 591 1283 669 nati,

253 702 284 758 el
305 693 404 772 illam,
430 717 450 756 a
472 715 534 776 qua
556 692 679 775 excepti
699 713 821 756 sumus.
845 693 903 756 sed
925 715 1057 757 neeesse
1080 704 1129 757 est
1151 694 1286 758 caritate

254 820 326 862 eum
348 806 519 881 praestare,
545 817 609 879 qun
632 794 678 859 rei
700 796 853 880 publicae
876 817 997 860 nomen
1011 795 1185 861 uniuersae
1201 797 1286 861 eiui-

251 901 329 965 11111
358 912 414 979 est,
444 921 503 984 pro
534 921 599 983 que
627 898 709 962 mori
737 909 770 962 et
792 898 846 962 cui
868 920 927 962 nos
950 909 1034 963 totos
1056 900 1173 964 dedere
1197 910 1229 964 et
1250 900 1287 964 in

253 1027 318 1088 que
335 991 450 1068 nostra
472 1003 583 1065 omnia
604 1023 726 1085 ponere
749 1013 781 1065 et
804 1003 896 1085 quasi
916 1024 1104 1067 consecrare
1119 1003 1284 1068 debemus.
1317 1024 1330 1063 e

254 1107 359 1171 dulcis
392 1117 503 1170 eutem
532 1127 600 1168 non
628 1106 732 1168 multo
763 1127 856 1169 secus
885 1116 933 1170 est
962 1127 1012 1184 ea,
1048 1128 1130 1190 quae
1161 1106 1284 1190 genuit,

254 1231 353 1295 quom
379 1210 445 1288 ille,
477 1231 561 1293 quae
590 1208 727 1292 excepit.
759 1209 870 1292 itaque
898 1231 958 1294 ego
979 1210 1066 1273 hanc
1088 1231 1196 1273 meam
1218 1232 1287 1274 esse

252 1312 392 1396 petriam
413 1333 545 1396 prorsus
567 1334 748 1395 numquam
770 1314 905 1396 negabo,
930 1314 1010 1377 dum
1033 1313 1091 1376 illa
1113 1313 1155 1376 sit
1173 1312 1284 1392 maior,

231 1415 334 1496 ¹haec
368 1417 404 1478 in
434 1437 472 1479 eu
501 1416 710 1480 contineatur
734 1443 752 1481 1
777 1444 795 1481 e
820 1416 920 1480 habet
950 1415 1094 1480 ciuitatis
1124 1426 1157 1480 et
1185 1438 1287 1481 unam

253 1518 344 1582 illem
367 1519 536 1582 ciuitatem
558 1529 661 1602 putet.
1303 1537 1327 1578 n

252 1709 315 1744 num
327 1691 357 1744 in
367 1690 538 1745 Fleckeiseni
549 1710 611 1744 ann.
624 1692 688 1743 1878
696 1708 729 1760 p.
738 1694 794 1756 709]
872 1693 883 1742 1
895 1709 948 1761 per
964 1691 1003 1745 eie
1015 1693 1068 1746 duo
1080 1691 1200 1763 enernpla
1213 1709 1287 1744 eom·

247 1779 332 1847 pario
344 1776 486 1836 ἀσυνδέτως
500 1776 655 1846 componite,
668 1785 700 1830 ut
711 1775 758 1830 ille
765 1775 843 1842 (lato,
857 1784 889 1831 ut
901 1776 1093 1842 11111111111111,
1105 1776 1288 1847 complectitur

252 1868 278 1916 el
289 1865 325 1917 ad
336 1881 413 1917 enam
425 1881 481 1917 rem
493 1865 580 1935 refert
593 1864 639 1933 (as.
651 1865 683 1917 ele
695 1880 734 1917 or.
747 1865 769 1927 1,
781 1865 821 1928 16,
832 1866 879 1927 73,
897 1863 971 1918 Ture.
982 1865 1007 1929 5,
1019 1865 1059 1928 17,
1068 1866 1109 1928 49)
1188 1865 1213 1917 81
1225 1869 1288 1918 ante

253 1966 311 2002 eum
323 1949 352 2002 in
363 1967 462 2004 raeura
475 1951 503 2004 B
606 1947 724 2002 dminus
732 1950 768 2003 H
867 1968 927 2003 nan
946 1947 1039 2002 sumus
1049 1950 1141 2004 ΑΒΗ
1223 1952 1286 2002 tet

253 2051 328 2106 illem
339 2070 393 2123 qua
406 2053 513 2124 excepti
525 2052 619 2106 addita
631 2052 661 2105 in
673 2052 858 2117 deterioribus,
872 2071 888 2106 a
900 2069 954 2122 que
964 2052 1071 2107 Boline
1142 2044 1287 2130 cernerem

251 2157 280 2210 B
297 2142 415 2210 canteri
427 2157 453 2207 A
467 2173 613 2209 cantorem
629 2155 731 2220 (omino
744 2159 809 2221 eam)
827 2156 863 2208 H
963 2156 978 2206 3
996 2152 1121 2226 prestere
1138 2156 1205 2210 BH

252 2247 307 2329 qui
327 2259 400 2328 (fuit
416 2264 478 2329 que)
499 2262 526 2312 A
545 2276 626 2329 quem
643 2261 679 2313 H
694 2261 708 2312 e
726 2275 780 2328 que
792 2259 952 2332 Moduiqiue
964 2259 1079 2312 Emend.
1094 2276 1126 2328 p.
1141 2261 1172 2312 61

252 2344 379 2400 umuerie
401 2347 437 2400 H
572 2348 588 2397 4
610 2361 664 2415 quo
688 2361 775 2398 emon
797 2349 927 2398 mutatum
950 2345 978 2398 in
1001 2361 1142 2414 queimon
1159 2345 1215 2397 AB
1232 2361 1285 2414 qno

253 2449 343 2486 umore
360 2433 396 2486 H
496 2430 589 2486 federe
608 2433 648 2496 H,
669 2449 730 2484 corr
748 2430 848 2484 dedere
866 2433 922 2502 AB
1031 2433 1046 2482 5
1085 2447 1183 2484 onere*
1201 2429 1286 2495 (nide-

255 2540 298 2589 tur
309 2535 527 2605 poneretfnieee)
537 2538 565 2588 A
577 2535 704 2605 ponere&
721 2534 825 2598 (omino
838 2541 871 2599 et)
885 2535 918 2587 H
998 2537 1013 2587 6
1027 2531 1105 2587 duod
1114 2535 1142 2586 A
1160 2499 1250 2600 (1111111
1259 2535 1287 2588 Β

254 2637 343 2692 duleis
351 2640 387 2692 H
488 2636 613 2692 secusne
627 2637 698 2707 (suit
710 2634 822 2690 seeuml'
831 2641 853 2696 ὀ)
870 2640 897 2691 A
910 2611 1044 2707 [edituri
1057 2638 1092 2690 H
1095 2657 1103 2699 ;
1118 2639 1155 2704 os.
1164 2654 1193 2704 p.
1205 2637 1247 2700 92,
1261 2639 1284 2699 1;

253 2725 329 2788 [uude
346 2723 468 2779 iudicari
475 2729 561 2795 potest
573 2742 654 2794 quam
666 2723 839 2777 reetePlauto
852 2723 880 2775 in
891 2722 1046 2776 Trinummo
1059 2723 1107 2775 130
1119 2721 1196 2780 Quid
1209 2738 1288 2775 senus

255 2815 362 2863 estant
379 2809 446 2880 quid
464 2810 579 2864 interest
596 2811 660 2880 quia
677 2809 706 2862 in
725 2809 796 2862 codd.
819 2809 907 2863 Palat.
927 2807 1039 2863 secutus
1055 2809 1151 2882 lenitur
1167 2811 1287 2875 ferream

256 2895 357 2949 eeetiue
374 2897 461 2949 inuito
479 2915 559 2950 uersu
577 2895 738 2951 oltrueorint
755 2894 973 2965 aptissimamque
991 2895 1138 2948 orationem
1153 2895 1288 2964 depraua-

253 2981 323 3034 rint:
338 2982 370 3034 de
388 2981 492 3053 duplici
508 2982 716 3056 interroqatlone
733 2981 795 3034 uide
813 2981 849 3034 od
862 3000 893 3051 p.
907 2981 948 3045 38,
967 2983 1006 3045 14,
1022 2985 1047 3033 et
1058 2982 1103 3034 uel
1116 2980 1240 3034 Ciceroni
1250 2980 1286 3033 li-

254 3067 309 3120 buil
326 3068 440 3122 scribere
459 3068 499 3133 (de
507 3070 563 3139 fin.
577 3068 606 3132 3,
622 3072 646 3133 1,
662 3071 701 3133 25)
720 3066 791 3121 nihil
809 3084 869 3120 eene
886 3066 961 3136 quod
978 3065 1088 3119 intersit
1108 3073 1156 3119 aut
1173 3064 1288 3130 differet]

355 3189 395 3225 aee
412 3189 473 3226 aorr
491 3174 563 3226 eeB
648 3188 701 3241 que
720 3177 854 3240 genuuA
947 3141 1079 3239 Sprdlul
1087 3170 1144 3222 AB
1160 3166 1289 3237 prsulH

355 3291 503 3344 numquam
520 3276 555 3328 H
571 3261 585 3326 ir
605 3280 679 3344 nque
695 3277 721 3327 A
742 3292 757 3325 n
776 3280 878 3343 umque
895 3275 924 3328 B
940 3273 987 3325 eod
1005 3289 1020 3323 1
1040 3269 1069 3323 in
1087 3289 1185 3325 roeura
1204 3271 1287 3324 trium

253 3360 421 3422 litterarum,
441 3379 507 3430 quae
525 3380 580 3414 esee
597 3378 652 3413 non
668 3363 810 3428 poterant:
821 3360 919 3429 fuitne
936 3375 992 3411 non
1009 3373 1151 3426 umquem,
1172 3357 1202 3409 id
1218 3358 1287 3426 quod

258 3445 384 3500 Ciceroni
399 3463 451 3500 non
468 3447 554 3517 monis
565 3445 775 3499 adiudicandum
788 3450 835 3506 eet,
850 3463 928 3514 quam
941 3448 1055 3497 autnon
1066 3459 1183 3511 usquam
1196 3443 1284 3507 (Ture.

253 3534 278 3595 5,
293 3535 318 3596 9,
333 3533 433 3585 2411011
450 3548 566 3601 usquam
578 3530 607 3584 id
619 3530 729 3601 quidem
747 3531 814 3584 dieii
831 3531 948 3594 omnino)
968 3534 1016 3583 out
1033 3543 1088 3582 uon
1106 3525 1190 3593 ullus,
1211 3529 1287 3583 euius

249 3635 341 3686 panon
359 3619 406 3671 eod
423 3622 496 3671 eerta
514 3617 636 3687 exemplo
654 3617 815 3686 Moduiyiue
837 3619 868 3670 de
881 3617 937 3686 fin.
958 3617 987 3680 3,
1010 3617 1055 3679 15,
1071 3617 1104 3666 50
1122 3615 1288 3684 persensit

357 3701 404 3756 illa
423 3700 460 3756 1ιτ
477 3704 569 3757 ABH
584 3701 620 3756 111
637 3701 685 3756 illu
703 3702 833 3757 Halmius
851 3720 942 3755 errore
1058 3704 1074 3753 9
1091 3699 1160 3754 haee
1176 3718 1246 3755 nnue
1263 3706 1288 3755 et

254 3792 323 3844 alter
341 3789 500 3843 deteriorum
518 3787 565 3842 sed
582 3791 610 3844 B
628 3789 695 3842 &A
714 3788 885 3842 Heineienue
988 3804 1166 3841 eontinentur
1185 3787 1288 3852 (turin

253 3875 343 3940 litura)
362 3877 398 3929 H
505 3872 634 3929 munaus
648 3875 674 3928 &
692 3891 774 3927 unam
797 3872 873 3927 dlam
890 3874 983 3928 ΑΒΗ
999 3872 1127 3927 oiuitetee
1151 3872 1220 3932 dues
1239 3871 1288 3924 sed

253 3960 314 4015 illas
333 3980 415 4015 unam
435 3961 496 4026 (eie)
516 3961 645 4015 editiones
667 3962 811 4014 nonnullae
828 3959 986 4014 uotuetlorer
1004 3959 1091 4014 ueluti
1106 3958 1283 4018 Aeoerur'ona,

255 4047 422 4109 Camerarii,·
442 4047 471 4099 in
484 4047 624 4117 plerisque
642 4045 801 4100 omittuntur·
817 4045 882 4099 loeo
898 4045 982 4100 habet
992 4087 998 4100 .
1008 4088 1014 4101 .
1024 4051 1112 4116 putat,
1130 4062 1195 4114 quoe
1208 4043 1287 4097 lodie

248 4136 313 4203 fere
326 4152 382 4204 pro
395 4135 549 4206 oloreemote
566 4132 707 4197 labentur,
727 4133 772 4185 sed
786 4131 878 4202 potuit
886 4131 958 4202 fieri
967 4137 997 4185 ul
1009 4130 1209 4194 intercide-rint,
1225 4127 1286 4198 qui-

255 4221 303 4273 tur
325 4220 376 4272 illa
398 4219 580 4290 superioribus
604 4218 819 4280 adnectebantur,
838 4219 911 4272 uelut
928 4217 1113 4271 contineatur:
1133 4215 1174 4284 (et
1190 4214 1287 4268 eodem
