<?xml version="1.0" encoding="UTF-8"?>
<!DOCTYPE html PUBLIC "-//W3C//DTD XHTML 1.0 Transitional//EN"
    "http://www.w3.org/TR/xhtml1/DTD/xhtml1-transitional.dtd">
<html xmlns="http://www.w3.org/1999/xhtml" xml:lang="en" lang="en">
 <head>
  <title>
</title>
<meta http-equiv="Content-Type" content="text/html;charset=utf-8" />
  <meta name='ocr-system' content='tesseract 3.04.00' />
  <meta name='ocr-capabilities' content='ocr_page ocr_carea ocr_par ocr_line ocrx_word'/>
</head>
<body>
  <div class='ocr_page' id='page_1' title='image "./delegibuslibrie00vahlgoog_0185.png"; bbox 0 0 3252 4964; ppageno 0'>
   <div class='ocr_carea' id='block_1_1' title="bbox 366 429 982 494">
    <p class='ocr_par' dir='ltr' id='par_1_1' title="bbox 366 429 982 494">
     <span class='ocr_line' id='line_1_1' title="bbox 366 429 982 494; baseline -0.003 -13"><span class='ocrx_word' id='word_1_1' title='bbox 366 435 426 494; x_wconf 83' lang='lat'><strong>154</strong></span> <span class='ocrx_word' id='word_1_2' title='bbox 781 441 804 482; x_wconf 91' lang='lat'><strong>11</strong></span> <span class='ocrx_word' id='word_1_3' title='bbox 823 429 864 492; x_wconf 84' lang='lat'><strong>25,</strong></span> <span class='ocrx_word' id='word_1_4' title='bbox 879 429 982 481; x_wconf 81' lang='lat' dir='ltr'><strong>m-oa</strong></span> 
     </span>
    </p>
   </div>
   <div class='ocr_carea' id='block_1_2' title="bbox 334 598 1446 1200">
    <p class='ocr_par' dir='ltr' id='par_1_2' title="bbox 361 598 1446 993">
     <span class='ocr_line' id='line_1_2' title="bbox 363 598 1446 685; baseline 0 -21"><span class='ocrx_word' id='word_1_5' title='bbox 363 601 432 678; x_wconf 91' lang='lat' dir='ltr'><strong>mis,</strong></span> <span class='ocrx_word' id='word_1_6' title='bbox 451 601 700 685; x_wconf 85' lang='lat' dir='ltr'><strong>sepulchrorum</strong></span> <span class='ocrx_word' id='word_1_7' title='bbox 714 598 994 685; x_wconf 89' lang='lat' dir='ltr'><strong>magnificentiam</strong></span> <span class='ocrx_word' id='word_1_8' title='bbox 1009 621 1078 662; x_wconf 90' lang='lat' dir='ltr'><strong>esse</strong></span> <span class='ocrx_word' id='word_1_9' title='bbox 1093 599 1318 663; x_wconf 87' lang='lat' dir='ltr'><strong>minuendam.</strong></span> <span class='ocrx_word' id='word_1_10' title='bbox 1335 623 1397 664; x_wconf 90' lang='lat' dir='ltr'><strong>nec</strong></span> <span class='ocrx_word' id='word_1_11' title='bbox 1409 608 1446 664; x_wconf 90' lang='lat'><strong>63</strong></span> 
     </span>
     <span class='ocr_line' id='line_1_3' title="bbox 361 702 1396 788; baseline -0.001 -21"><span class='ocrx_word' id='word_1_12' title='bbox 361 703 444 767; x_wconf 89' lang='lat' dir='ltr'><strong>haec</strong></span> <span class='ocrx_word' id='word_1_13' title='bbox 466 725 485 765; x_wconf 99' lang='lat' dir='ltr'><strong>a</strong></span> <span class='ocrx_word' id='word_1_14' title='bbox 507 703 754 787; x_wconf 82' lang='lat' dir='ltr'><strong>sapientissimis</strong></span> <span class='ocrx_word' id='word_1_15' title='bbox 776 704 889 788; x_wconf 88' lang='lat' dir='ltr'><strong>legum</strong></span> <span class='ocrx_word' id='word_1_16' title='bbox 910 702 1122 786; x_wconf 84' lang='lat' dir='ltr'><strong>scriptoribus</strong></span> <span class='ocrx_word' id='word_1_17' title='bbox 1144 703 1295 787; x_wconf 88' lang='lat' dir='ltr'><strong>neglecta</strong></span> <span class='ocrx_word' id='word_1_18' title='bbox 1309 714 1396 767; x_wconf 89' lang='lat' dir='ltr'><strong>sunt.</strong></span> 
     </span>
     <span class='ocr_line' id='line_1_4' title="bbox 362 805 1395 890; baseline -0.001 -21"><span class='ocrx_word' id='word_1_19' title='bbox 362 827 440 870; x_wconf 92' lang='lat' dir='ltr'><strong>nam</strong></span> <span class='ocrx_word' id='word_1_20' title='bbox 467 815 500 869; x_wconf 91' lang='lat' dir='ltr'><strong>et</strong></span> <span class='ocrx_word' id='word_1_21' title='bbox 522 806 661 870; x_wconf 87' lang='lat' dir='ltr'><strong>Athenis</strong></span> <span class='ocrx_word' id='word_1_22' title='bbox 689 805 757 869; x_wconf 92' lang='lat' dir='ltr'><strong>iam</strong></span> <span class='ocrx_word' id='word_1_23' title='bbox 786 806 844 869; x_wconf 92' lang='lat' dir='ltr'><strong>illo</strong></span> <span class='ocrx_word' id='word_1_24' title='bbox 871 827 976 869; x_wconf 92' lang='lat' dir='ltr'><strong>mores</strong></span> <span class='ocrx_word' id='word_1_25' title='bbox 1000 827 1018 868; x_wconf 92' lang='lat' dir='ltr'><strong>a</strong></span> <span class='ocrx_word' id='word_1_26' title='bbox 1041 806 1198 890; x_wconf 84' lang='lat' dir='ltr'><strong>Cecrope,</strong></span> <span class='ocrx_word' id='word_1_27' title='bbox 1229 817 1267 869; x_wconf 92' lang='lat' dir='ltr'><strong>ut</strong></span> <span class='ocrx_word' id='word_1_28' title='bbox 1293 807 1395 885; x_wconf 87' lang='lat' dir='ltr'><strong>aiunt,</strong></span> 
     </span>
     <span class='ocr_line' id='line_1_5' title="bbox 362 908 1398 993; baseline 0 -20"><span class='ocrx_word' id='word_1_29' title='bbox 362 909 541 993; x_wconf 87' lang='lat' dir='ltr'><strong>permansit</strong></span> <span class='ocrx_word' id='word_1_30' title='bbox 562 908 625 973; x_wconf 88' lang='lat' dir='ltr'><strong>hoc</strong></span> <span class='ocrx_word' id='word_1_31' title='bbox 648 909 700 972; x_wconf 91' lang='lat' dir='ltr'><strong>ius</strong></span> <span class='ocrx_word' id='word_1_32' title='bbox 720 919 807 972; x_wconf 89' lang='lat' dir='ltr'><strong>terra</strong></span> <span class='ocrx_word' id='word_1_33' title='bbox 820 908 998 972; x_wconf 85' lang='lat' dir='ltr'><strong>humandi:</strong></span> <span class='ocrx_word' id='word_1_34' title='bbox 1017 930 1116 991; x_wconf 90' lang='lat' dir='ltr'><strong>quam</strong></span> <span class='ocrx_word' id='word_1_35' title='bbox 1131 931 1230 992; x_wconf 92' lang='lat' dir='ltr'><strong>quom</strong></span> <span class='ocrx_word' id='word_1_36' title='bbox 1245 909 1398 993; x_wconf 83' lang='lat' dir='ltr'><strong>proxumi</strong></span> 
     </span>
    </p>

    <p class='ocr_par' dir='ltr' id='par_1_3' title="bbox 334 1011 1399 1200">
     <span class='ocr_line' id='line_1_6' title="bbox 334 1011 1399 1096; baseline 0.004 -24"><span class='ocrx_word' id='word_1_37' title='bbox 334 1035 345 1072; x_wconf 77' lang='lat' dir='ltr'><strong>s</strong></span> <span class='ocrx_word' id='word_1_38' title='bbox 361 1013 507 1076; x_wconf 87' lang='lat' dir='ltr'><strong>fecerant</strong></span> <span class='ocrx_word' id='word_1_39' title='bbox 528 1012 735 1095; x_wconf 88' lang='lat' dir='ltr'><strong>obductaque</strong></span> <span class='ocrx_word' id='word_1_40' title='bbox 758 1022 843 1075; x_wconf 89' lang='lat' dir='ltr'><strong>terra</strong></span> <span class='ocrx_word' id='word_1_41' title='bbox 865 1021 942 1091; x_wconf 92' lang='lat' dir='ltr'><strong>erat,</strong></span> <span class='ocrx_word' id='word_1_42' title='bbox 959 1011 1110 1096; x_wconf 83' lang='lat' dir='ltr'><strong>frugibus</strong></span> <span class='ocrx_word' id='word_1_43' title='bbox 1125 1015 1343 1092; x_wconf 88' lang='lat' dir='ltr'><strong>obserebatur,</strong></span> <span class='ocrx_word' id='word_1_44' title='bbox 1360 1025 1399 1076; x_wconf 89' lang='lat' dir='ltr'><strong>ut</strong></span> 
     </span>
     <span class='ocr_line' id='line_1_7' title="bbox 362 1116 1398 1200; baseline 0.001 -21"><span class='ocrx_word' id='word_1_45' title='bbox 362 1117 453 1180; x_wconf 90' lang='lat' dir='ltr'><strong>sinus</strong></span> <span class='ocrx_word' id='word_1_46' title='bbox 476 1126 509 1179; x_wconf 91' lang='lat' dir='ltr'><strong>et</strong></span> <span class='ocrx_word' id='word_1_47' title='bbox 531 1116 693 1200; x_wconf 89' lang='lat' dir='ltr'><strong>gremium</strong></span> <span class='ocrx_word' id='word_1_48' title='bbox 714 1116 807 1199; x_wconf 85' lang='lat' dir='ltr'><strong>quasi</strong></span> <span class='ocrx_word' id='word_1_49' title='bbox 829 1116 940 1179; x_wconf 88' lang='lat' dir='ltr'><strong>matris</strong></span> <span class='ocrx_word' id='word_1_50' title='bbox 963 1126 1091 1179; x_wconf 87' lang='lat' dir='ltr'><strong>mortuo</strong></span> <span class='ocrx_word' id='word_1_51' title='bbox 1114 1116 1321 1195; x_wconf 79' lang='lat' dir='ltr'><strong>tribueretur,</strong></span> <span class='ocrx_word' id='word_1_52' title='bbox 1346 1138 1398 1180; x_wconf 85' lang='lat' dir='ltr'><strong>so-</strong></span> 
     </span>
    </p>
   </div>
   <div class='ocr_carea' id='block_1_3' title="bbox 360 1304 1400 1494">
    <p class='ocr_par' dir='ltr' id='par_1_4' title="bbox 360 1304 1400 1494">
     <span class='ocr_line' id='line_1_8' title="bbox 363 1304 1400 1392; baseline 0.002 -20"><span class='ocrx_word' id='word_1_53' title='bbox 363 1324 375 1372; x_wconf 90' lang='lat'>1</span> <span class='ocrx_word' id='word_1_54' title='bbox 395 1321 561 1376; x_wconf 68' lang='lat' dir='ltr'><strong>mranuenda</strong></span> <span class='ocrx_word' id='word_1_55' title='bbox 583 1322 652 1392; x_wconf 66' lang='lat' dir='ltr'><strong>lfuit</strong></span> <span class='ocrx_word' id='word_1_56' title='bbox 669 1321 832 1388; x_wconf 67' lang='lat' dir='ltr'><strong>munuendt)</strong></span> <span class='ocrx_word' id='word_1_57' title='bbox 852 1324 880 1377; x_wconf 88' lang='lat' dir='ltr'><em>B</em></span> <span class='ocrx_word' id='word_1_58' title='bbox 983 1338 1018 1374; x_wconf 91' lang='lat' dir='ltr'><strong>ne</strong></span> <span class='ocrx_word' id='word_1_59' title='bbox 1037 1322 1074 1375; x_wconf 88' lang='lat' dir='ltr'><em>H</em></span> <span class='ocrx_word' id='word_1_60' title='bbox 1174 1304 1309 1376; x_wconf 66' lang='lat' dir='ltr'><strong>thaecsa</strong></span> <span class='ocrx_word' id='word_1_61' title='bbox 1330 1323 1400 1392; x_wconf 63' lang='lat' dir='ltr'><strong>[suit</strong></span> 
     </span>
     <span class='ocr_line' id='line_1_9' title="bbox 360 1397 1318 1494; baseline 0.001 -17"><span class='ocrx_word' id='word_1_62' title='bbox 360 1425 467 1490; x_wconf 85' lang='lat' dir='ltr'><strong>haceca)</strong></span> <span class='ocrx_word' id='word_1_63' title='bbox 487 1427 514 1480; x_wconf 94' lang='lat' dir='ltr'><em>B</em></span> <span class='ocrx_word' id='word_1_64' title='bbox 603 1424 727 1480; x_wconf 86' lang='lat' dir='ltr'><strong>neclecta</strong></span> <span class='ocrx_word' id='word_1_65' title='bbox 748 1443 809 1480; x_wconf 87' lang='lat' dir='ltr'><strong>corr</strong></span> <span class='ocrx_word' id='word_1_66' title='bbox 825 1441 879 1494; x_wconf 87' lang='lat' dir='ltr'><strong>neg</strong></span> <span class='ocrx_word' id='word_1_67' title='bbox 897 1426 925 1479; x_wconf 93' lang='lat' dir='ltr'><em>B</em></span> <span class='ocrx_word' id='word_1_68' title='bbox 942 1397 1065 1490; x_wconf 66' lang='lat' dir='ltr'><strong>neblecta</strong></span> <span class='ocrx_word' id='word_1_69' title='bbox 1085 1424 1121 1478; x_wconf 88' lang='lat' dir='ltr'><em>H</em></span> <span class='ocrx_word' id='word_1_70' title='bbox 1203 1421 1259 1478; x_wconf 79' lang='lat' dir='ltr'><strong>lint</strong></span> <span class='ocrx_word' id='word_1_71' title='bbox 1281 1426 1318 1478; x_wconf 88' lang='lat' dir='ltr'><em>H</em></span> 
     </span>
    </p>
   </div>
   <div class='ocr_carea' id='block_1_4' title="bbox 362 1493 1399 1606">
    <p class='ocr_par' dir='ltr' id='par_1_5' title="bbox 362 1493 1399 1606">
     <span class='ocr_line' id='line_1_10' title="bbox 362 1493 1399 1606; baseline 0.004 -28"><span class='ocrx_word' id='word_1_72' title='bbox 362 1501 429 1582; x_wconf 63' lang='lat' dir='ltr'><strong>3⁰lin</strong></span> <span class='ocrx_word' id='word_1_73' title='bbox 441 1531 492 1593; x_wconf 79' lang='lat' dir='ltr'><strong>(rec</strong></span> <span class='ocrx_word' id='word_1_74' title='bbox 503 1532 634 1598; x_wconf 85' lang='lat' dir='ltr'><strong>superscr)</strong></span> <span class='ocrx_word' id='word_1_75' title='bbox 648 1530 685 1583; x_wconf 89' lang='lat' dir='ltr'><em>H</em></span> <span class='ocrx_word' id='word_1_76' title='bbox 765 1525 875 1582; x_wconf 78' lang='lat' dir='ltr'><strong>arheml</strong></span> <span class='ocrx_word' id='word_1_77' title='bbox 890 1502 994 1595; x_wconf 61' lang='lat' dir='ltr'><strong>ramsslgi</strong></span> <span class='ocrx_word' id='word_1_78' title='bbox 1011 1493 1103 1606; x_wconf 60' lang='grc' dir='ltr'><strong>1110ζᾷ1</strong></span> <span class='ocrx_word' id='word_1_79' title='bbox 1118 1529 1146 1581; x_wconf 88' lang='grc' dir='ltr'><em>Β</em></span> <span class='ocrx_word' id='word_1_80' title='bbox 1168 1527 1399 1600; x_wconf 68' lang='lat' dir='ltr'><strong>athemlsjamrlle</strong></span> 
     </span>
    </p>
   </div>
   <div class='ocr_carea' id='block_1_5' title="bbox 353 1628 1403 4192">
    <p class='ocr_par' dir='ltr' id='par_1_6' title="bbox 353 1628 1403 4192">
     <span class='ocr_line' id='line_1_11' title="bbox 361 1628 1399 1702; baseline 0.002 -18"><span class='ocrx_word' id='word_1_81' title='bbox 361 1629 453 1685; x_wconf 72' lang='lat' dir='ltr'><strong>mols*</strong></span> <span class='ocrx_word' id='word_1_82' title='bbox 473 1628 495 1698; x_wconf 87' lang='lat' dir='ltr'><strong>(l</strong></span> <span class='ocrx_word' id='word_1_83' title='bbox 507 1631 586 1701; x_wconf 83' lang='lat' dir='ltr'><strong>prior</strong></span> <span class='ocrx_word' id='word_1_84' title='bbox 603 1637 628 1684; x_wconf 85' lang='lat' dir='ltr'><strong>et</strong></span> <span class='ocrx_word' id='word_1_85' title='bbox 642 1649 664 1702; x_wconf 86' lang='lat' dir='ltr'><strong>J,</strong></span> <span class='ocrx_word' id='word_1_86' title='bbox 677 1650 765 1702; x_wconf 77' lang='lat' dir='ltr'><strong>porro</strong></span> <span class='ocrx_word' id='word_1_87' title='bbox 784 1647 798 1683; x_wconf 94' lang='lat' dir='ltr'><strong>e</strong></span> <span class='ocrx_word' id='word_1_88' title='bbox 818 1628 878 1684; x_wconf 86' lang='lat' dir='ltr'><strong>mol</strong></span> <span class='ocrx_word' id='word_1_89' title='bbox 893 1631 922 1684; x_wconf 88' lang='lat' dir='ltr'><strong>in</strong></span> <span class='ocrx_word' id='word_1_90' title='bbox 939 1634 1044 1697; x_wconf 85' lang='lat' dir='ltr'><strong>rasura)</strong></span> <span class='ocrx_word' id='word_1_91' title='bbox 1064 1634 1107 1696; x_wconf 81' lang='lat' dir='ltr'><strong>A,</strong></span> <span class='ocrx_word' id='word_1_92' title='bbox 1128 1631 1227 1700; x_wconf 84' lang='lat' dir='ltr'><strong>inquo</strong></span> <span class='ocrx_word' id='word_1_93' title='bbox 1246 1651 1279 1686; x_wconf 90' lang='lat' dir='ltr'><strong>ne</strong></span> <span class='ocrx_word' id='word_1_94' title='bbox 1296 1633 1399 1686; x_wconf 76' lang='lat' dir='ltr'><strong>dubites</strong></span> 
     </span>
     <span class='ocr_line' id='line_1_12' title="bbox 360 1714 1397 1788; baseline 0.001 -18"><span class='ocrx_word' id='word_1_95' title='bbox 360 1723 421 1770; x_wconf 87' lang='lat' dir='ltr'><strong>onte</strong></span> <span class='ocrx_word' id='word_1_96' title='bbox 440 1717 550 1770; x_wconf 84' lang='lat' dir='ltr'><strong>lituram</strong></span> <span class='ocrx_word' id='word_1_97' title='bbox 568 1718 657 1788; x_wconf 77' lang='lat' dir='ltr'><strong>ipsum</strong></span> <span class='ocrx_word' id='word_1_98' title='bbox 676 1718 746 1771; x_wconf 81' lang='lat' dir='ltr'><strong>illud</strong></span> <span class='ocrx_word' id='word_1_99' title='bbox 763 1715 812 1770; x_wconf 79' lang='lat' dir='ltr'><strong>illo</strong></span> <span class='ocrx_word' id='word_1_100' title='bbox 831 1714 921 1770; x_wconf 88' lang='lat' dir='ltr'><strong>morel</strong></span> <span class='ocrx_word' id='word_1_101' title='bbox 939 1719 1020 1786; x_wconf 82' lang='lat' dir='ltr'><strong>(quod</strong></span> <span class='ocrx_word' id='word_1_102' title='bbox 1037 1723 1074 1771; x_wconf 85' lang='lat' dir='ltr'><strong>est</strong></span> <span class='ocrx_word' id='word_1_103' title='bbox 1092 1716 1173 1770; x_wconf 87' lang='lat' dir='ltr'><strong>ctiam</strong></span> <span class='ocrx_word' id='word_1_104' title='bbox 1191 1717 1220 1771; x_wconf 83' lang='lat' dir='ltr'><strong>in</strong></span> <span class='ocrx_word' id='word_1_105' title='bbox 1233 1717 1397 1782; x_wconf 85' lang='lat' dir='ltr'><strong>Heinsiono‚</strong></span> 
     </span>
     <span class='ocr_line' id='line_1_13' title="bbox 360 1799 1397 1874; baseline 0.001 -20"><span class='ocrx_word' id='word_1_106' title='bbox 360 1802 390 1854; x_wconf 86' lang='lat' dir='ltr'><strong>in</strong></span> <span class='ocrx_word' id='word_1_107' title='bbox 408 1820 458 1871; x_wconf 81' lang='lat' dir='ltr'><strong>quo</strong></span> <span class='ocrx_word' id='word_1_108' title='bbox 477 1804 513 1856; x_wconf 84' lang='lat' dir='ltr'><strong>ud</strong></span> <span class='ocrx_word' id='word_1_109' title='bbox 530 1804 595 1856; x_wconf 79' lang='lat' dir='ltr'><strong>baec</strong></span> <span class='ocrx_word' id='word_1_110' title='bbox 613 1800 724 1856; x_wconf 76' lang='lat' dir='ltr'><strong>athenis</strong></span> <span class='ocrx_word' id='word_1_111' title='bbox 739 1821 794 1856; x_wconf 89' lang='lat' dir='ltr'><strong>ram</strong></span> <span class='ocrx_word' id='word_1_112' title='bbox 806 1801 863 1855; x_wconf 81' lang='lat' dir='ltr'><strong>rllo‘</strong></span> <span class='ocrx_word' id='word_1_113' title='bbox 876 1799 967 1856; x_wconf 86' lang='lat' dir='ltr'><strong>morel</strong></span> <span class='ocrx_word' id='word_1_114' title='bbox 983 1803 1012 1856; x_wconf 85' lang='lat' dir='ltr'><strong>in</strong></span> <span class='ocrx_word' id='word_1_115' title='bbox 1030 1821 1107 1874; x_wconf 68' lang='lat' dir='ltr'><strong>uturp</strong></span> <span class='ocrx_word' id='word_1_116' title='bbox 1124 1820 1168 1856; x_wconf 88' lang='lat' dir='ltr'><strong>rec</strong></span> <span class='ocrx_word' id='word_1_117' title='bbox 1187 1803 1242 1856; x_wconf 85' lang='lat' dir='ltr'><strong>odd</strong></span> <span class='ocrx_word' id='word_1_118' title='bbox 1255 1800 1329 1856; x_wconf 81' lang='lat' dir='ltr'><strong>“mol</strong></span> <span class='ocrx_word' id='word_1_119' title='bbox 1342 1801 1397 1869; x_wconf 85' lang='lat' dir='ltr'><strong>rlle)</strong></span> 
     </span>
     <span class='ocr_line' id='line_1_14' title="bbox 354 1887 1399 1958; baseline 0.002 -18"><span class='ocrx_word' id='word_1_120' title='bbox 354 1888 460 1956; x_wconf 82' lang='lat' dir='ltr'><strong>fuisse,</strong></span> <span class='ocrx_word' id='word_1_121' title='bbox 480 1895 511 1942; x_wconf 88' lang='lat' dir='ltr'><strong>ut</strong></span> <span class='ocrx_word' id='word_1_122' title='bbox 528 1889 592 1940; x_wconf 78' lang='lat' dir='ltr'><strong>laec</strong></span> <span class='ocrx_word' id='word_1_123' title='bbox 610 1889 648 1941; x_wconf 85' lang='lat' dir='ltr'><strong>sit</strong></span> <span class='ocrx_word' id='word_1_124' title='bbox 665 1887 814 1942; x_wconf 84' lang='lat' dir='ltr'><strong>certissimo</strong></span> <span class='ocrx_word' id='word_1_125' title='bbox 831 1889 904 1942; x_wconf 83' lang='lat' dir='ltr'><strong>sedes</strong></span> <span class='ocrx_word' id='word_1_126' title='bbox 921 1889 1101 1958; x_wconf 78' lang='lat' dir='ltr'><strong>corruptelae,</strong></span> <span class='ocrx_word' id='word_1_127' title='bbox 1122 1906 1230 1958; x_wconf 88' lang='lat' dir='ltr'><strong>cumque</strong></span> <span class='ocrx_word' id='word_1_128' title='bbox 1248 1889 1399 1958; x_wconf 77' lang='lat' dir='ltr'><strong>ceteroquin</strong></span> 
     </span>
     <span class='ocr_line' id='line_1_15' title="bbox 356 1972 1399 2044; baseline 0.001 -18"><span class='ocrx_word' id='word_1_129' title='bbox 356 1974 444 2042; x_wconf 72' lang='lat' dir='ltr'><strong>pluria</strong></span> <span class='ocrx_word' id='word_1_130' title='bbox 461 1978 487 2026; x_wconf 87' lang='lat' dir='ltr'><strong>ct</strong></span> <span class='ocrx_word' id='word_1_131' title='bbox 504 1973 611 2044; x_wconf 70' lang='lat' dir='ltr'><strong>integro</strong></span> <span class='ocrx_word' id='word_1_132' title='bbox 629 1975 665 2028; x_wconf 85' lang='lat' dir='ltr'><strong>sit</strong></span> <span class='ocrx_word' id='word_1_133' title='bbox 683 1974 769 2027; x_wconf 86' lang='lat' dir='ltr'><strong>oratio</strong></span> <span class='ocrx_word' id='word_1_134' title='bbox 787 1992 850 2028; x_wconf 89' lang='lat' dir='ltr'><strong>nam</strong></span> <span class='ocrx_word' id='word_1_135' title='bbox 869 1981 896 2027; x_wconf 88' lang='lat' dir='ltr'><strong>et</strong></span> <span class='ocrx_word' id='word_1_136' title='bbox 907 1973 1025 2028; x_wconf 84' lang='lat' dir='ltr'><strong>Athenis</strong></span> <span class='ocrx_word' id='word_1_137' title='bbox 1039 1972 1188 2044; x_wconf 84' lang='lat' dir='ltr'><strong>aCecrope</strong></span> <span class='ocrx_word' id='word_1_138' title='bbox 1206 1982 1238 2027; x_wconf 92' lang='lat' dir='ltr'><strong>ut</strong></span> <span class='ocrx_word' id='word_1_139' title='bbox 1250 1974 1399 2044; x_wconf 90' lang='lat' dir='ltr'><strong>aiuntper·</strong></span> 
     </span>
     <span class='ocr_line' id='line_1_16' title="bbox 360 2058 1401 2130; baseline 0 -18"><span class='ocrx_word' id='word_1_140' title='bbox 360 2058 461 2112; x_wconf 88' lang='lat' dir='ltr'><strong>mansit</strong></span> <span class='ocrx_word' id='word_1_141' title='bbox 477 2059 529 2112; x_wconf 94' lang='lat' dir='ltr'><strong>hoc</strong></span> <span class='ocrx_word' id='word_1_142' title='bbox 547 2058 593 2112; x_wconf 90' lang='lat' dir='ltr'><strong>ius</strong></span> <span class='ocrx_word' id='word_1_143' title='bbox 610 2065 684 2113; x_wconf 88' lang='lat' dir='ltr'><strong>terra</strong></span> <span class='ocrx_word' id='word_1_144' title='bbox 696 2058 837 2124; x_wconf 89' lang='lat' dir='ltr'><strong>humandi,</strong></span> <span class='ocrx_word' id='word_1_145' title='bbox 858 2060 909 2112; x_wconf 86' lang='lat' dir='ltr'><strong>illo</strong></span> <span class='ocrx_word' id='word_1_146' title='bbox 927 2078 960 2113; x_wconf 79' lang='lat' dir='ltr'><strong>ca</strong></span> <span class='ocrx_word' id='word_1_147' title='bbox 976 2059 1116 2114; x_wconf 82' lang='lat' dir='ltr'><strong>interiectu</strong></span> <span class='ocrx_word' id='word_1_148' title='bbox 1134 2061 1251 2130; x_wconf 82' lang='lat' dir='ltr'><strong>quodam</strong></span> <span class='ocrx_word' id='word_1_149' title='bbox 1269 2059 1401 2113; x_wconf 83' lang='lat' dir='ltr'><strong>sententio</strong></span> 
     </span>
     <span class='ocr_line' id='line_1_17' title="bbox 360 2145 1397 2217; baseline 0 -19"><span class='ocrx_word' id='word_1_150' title='bbox 360 2145 468 2198; x_wconf 83' lang='lat' dir='ltr'><strong>residuo</strong></span> <span class='ocrx_word' id='word_1_151' title='bbox 478 2160 532 2198; x_wconf 81' lang='lat' dir='ltr'><strong>esse</strong></span> <span class='ocrx_word' id='word_1_152' title='bbox 542 2146 647 2214; x_wconf 79' lang='lat' dir='ltr'><strong>opinor,</strong></span> <span class='ocrx_word' id='word_1_153' title='bbox 659 2163 726 2215; x_wconf 82' lang='lat' dir='ltr'><strong>quae</strong></span> <span class='ocrx_word' id='word_1_154' title='bbox 736 2147 774 2199; x_wconf 81' lang='lat' dir='ltr'><strong>stc</strong></span> <span class='ocrx_word' id='word_1_155' title='bbox 780 2146 1079 2217; x_wconf 73' lang='lat' dir='ltr'><strong>serepotuitformoto</strong></span> <span class='ocrx_word' id='word_1_156' title='bbox 1092 2163 1146 2198; x_wconf 84' lang='lat' dir='ltr'><strong>esse</strong></span> <span class='ocrx_word' id='word_1_157' title='bbox 1157 2163 1220 2198; x_wconf 85' lang='lat' dir='ltr'><strong>narn</strong></span> <span class='ocrx_word' id='word_1_158' title='bbox 1233 2153 1261 2199; x_wconf 90' lang='lat' dir='ltr'><strong>et</strong></span> <span class='ocrx_word' id='word_1_159' title='bbox 1270 2145 1397 2210; x_wconf 88' lang='lat' dir='ltr'><strong>Athenis,</strong></span> 
     </span>
     <span class='ocr_line' id='line_1_18' title="bbox 359 2228 1400 2302; baseline -0.001 -17"><span class='ocrx_word' id='word_1_160' title='bbox 359 2230 465 2300; x_wconf 71' lang='lat' dir='ltr'><strong>(nociti)</strong></span> <span class='ocrx_word' id='word_1_161' title='bbox 476 2231 531 2285; x_wconf 91' lang='lat' dir='ltr'><strong>iam</strong></span> <span class='ocrx_word' id='word_1_162' title='bbox 544 2228 607 2285; x_wconf 93' lang='lat' dir='ltr'><strong>illos</strong></span> <span class='ocrx_word' id='word_1_163' title='bbox 619 2248 718 2296; x_wconf 90' lang='lat' dir='ltr'><strong>mores,</strong></span> <span class='ocrx_word' id='word_1_164' title='bbox 731 2249 747 2284; x_wconf 87' lang='lat' dir='ltr'><strong>a</strong></span> <span class='ocrx_word' id='word_1_165' title='bbox 759 2230 889 2302; x_wconf 83' lang='lat' dir='ltr'><strong>Cecrope.</strong></span> <span class='ocrx_word' id='word_1_166' title='bbox 902 2234 997 2302; x_wconf 84' lang='lat' dir='ltr'><strong>confer</strong></span> <span class='ocrx_word' id='word_1_167' title='bbox 1009 2233 1045 2286; x_wconf 85' lang='lat' dir='ltr'><strong>od</strong></span> <span class='ocrx_word' id='word_1_168' title='bbox 1056 2234 1115 2286; x_wconf 84' lang='lat' dir='ltr'><strong>Au.</strong></span> <span class='ocrx_word' id='word_1_169' title='bbox 1127 2233 1149 2296; x_wconf 98' lang='grc'><strong>1,</strong></span> <span class='ocrx_word' id='word_1_170' title='bbox 1161 2233 1202 2296; x_wconf 86' lang='grc'><strong>14,</strong></span> <span class='ocrx_word' id='word_1_171' title='bbox 1211 2233 1236 2284; x_wconf 84' lang='grc'><strong>4.</strong></span> <span class='ocrx_word' id='word_1_172' title='bbox 1254 2231 1343 2296; x_wconf 77' lang='lat' dir='ltr'><strong>[Quod</strong></span> <span class='ocrx_word' id='word_1_173' title='bbox 1352 2249 1400 2284; x_wconf 87' lang='lat' dir='ltr'><strong>nu-</strong></span> 
     </span>
     <span class='ocr_line' id='line_1_19' title="bbox 356 2315 1397 2389; baseline 0.001 -21"><span class='ocrx_word' id='word_1_174' title='bbox 356 2334 410 2386; x_wconf 79' lang='lat' dir='ltr'><strong>per</strong></span> <span class='ocrx_word' id='word_1_175' title='bbox 423 2318 561 2371; x_wconf 83' lang='lat' dir='ltr'><strong>ediderunt</strong></span> <span class='ocrx_word' id='word_1_176' title='bbox 574 2317 607 2370; x_wconf 85' lang='lat' dir='ltr'><strong>dc</strong></span> <span class='ocrx_word' id='word_1_177' title='bbox 616 2317 747 2370; x_wconf 86' lang='lat' dir='ltr'><strong>Muelleri</strong></span> <span class='ocrx_word' id='word_1_178' title='bbox 757 2317 911 2386; x_wconf 77' lang='lat' dir='ltr'><strong>opinatione</strong></span> <span class='ocrx_word' id='word_1_179' title='bbox 923 2316 978 2370; x_wconf 89' lang='lat' dir='ltr'><strong>iam</strong></span> <span class='ocrx_word' id='word_1_180' title='bbox 991 2316 1082 2370; x_wconf 87' lang='lat' dir='ltr'><strong>abillo</strong></span> <span class='ocrx_word' id='word_1_181' title='bbox 1092 2317 1181 2389; x_wconf 86' lang='lat' dir='ltr'><strong>primo</strong></span> <span class='ocrx_word' id='word_1_182' title='bbox 1192 2333 1256 2386; x_wconf 89' lang='lat' dir='ltr'><strong>rege</strong></span> <span class='ocrx_word' id='word_1_183' title='bbox 1267 2315 1397 2387; x_wconf 83' lang='lat' dir='ltr'><strong>Cecrope,</strong></span> 
     </span>
     <span class='ocr_line' id='line_1_20' title="bbox 361 2402 1403 2473; baseline 0.002 -19"><span class='ocrx_word' id='word_1_184' title='bbox 361 2421 391 2455; x_wconf 92' lang='lat' dir='ltr'><strong>co</strong></span> <span class='ocrx_word' id='word_1_185' title='bbox 403 2406 456 2456; x_wconf 81' lang='lat' dir='ltr'><strong>no&#39;n</strong></span> <span class='ocrx_word' id='word_1_186' title='bbox 468 2403 569 2471; x_wconf 67' lang='lat' dir='ltr'><strong>corripi</strong></span> <span class='ocrx_word' id='word_1_187' title='bbox 579 2403 626 2456; x_wconf 82' lang='lat' dir='ltr'><strong>sed</strong></span> <span class='ocrx_word' id='word_1_188' title='bbox 638 2403 788 2473; x_wconf 78' lang='lat' dir='ltr'><strong>deprocari</strong></span> <span class='ocrx_word' id='word_1_189' title='bbox 798 2403 885 2456; x_wconf 83' lang='lat' dir='ltr'><strong>oratio</strong></span> <span class='ocrx_word' id='word_1_190' title='bbox 897 2403 1010 2467; x_wconf 85' lang='lat' dir='ltr'><strong>uidetur,</strong></span> <span class='ocrx_word' id='word_1_191' title='bbox 1030 2404 1056 2455; x_wconf 86' lang='lat' dir='ltr'><strong>si</strong></span> <span class='ocrx_word' id='word_1_192' title='bbox 1066 2404 1174 2472; x_wconf 81' lang='lat' dir='ltr'><strong>quidem</strong></span> <span class='ocrx_word' id='word_1_193' title='bbox 1187 2410 1255 2457; x_wconf 87' lang='lat' dir='ltr'><strong>recte</strong></span> <span class='ocrx_word' id='word_1_194' title='bbox 1268 2402 1353 2456; x_wconf 87' lang='lat' dir='ltr'><strong>sentio</strong></span> <span class='ocrx_word' id='word_1_195' title='bbox 1364 2403 1403 2456; x_wconf 81' lang='lat' dir='ltr'><strong>od</strong></span> 
     </span>
     <span class='ocr_line' id='line_1_21' title="bbox 360 2487 1400 2560; baseline 0.002 -20"><span class='ocrx_word' id='word_1_196' title='bbox 360 2489 425 2542; x_wconf 80' lang='lat' dir='ltr'><strong>hoec</strong></span> <span class='ocrx_word' id='word_1_197' title='bbox 443 2507 459 2541; x_wconf 90' lang='lat' dir='ltr'><strong>a</strong></span> <span class='ocrx_word' id='word_1_198' title='bbox 478 2488 599 2558; x_wconf 79' lang='lat' dir='ltr'><strong>Cecrope</strong></span> <span class='ocrx_word' id='word_1_199' title='bbox 617 2494 649 2542; x_wconf 90' lang='lat' dir='ltr'><strong>ut</strong></span> <span class='ocrx_word' id='word_1_200' title='bbox 666 2489 744 2542; x_wconf 89' lang='lat' dir='ltr'><strong>aiunt</strong></span> <span class='ocrx_word' id='word_1_201' title='bbox 757 2491 804 2560; x_wconf 80' lang='lat' dir='ltr'><strong>(cs.</strong></span> <span class='ocrx_word' id='word_1_202' title='bbox 815 2507 846 2558; x_wconf 77' lang='lat' dir='ltr'><strong>p.</strong></span> <span class='ocrx_word' id='word_1_203' title='bbox 863 2491 904 2553; x_wconf 92' lang='lat'><strong>11,</strong></span> <span class='ocrx_word' id='word_1_204' title='bbox 920 2490 934 2540; x_wconf 89' lang='lat'><strong>3</strong></span> <span class='ocrx_word' id='word_1_205' title='bbox 948 2495 980 2542; x_wconf 92' lang='lat' dir='ltr'><strong>ut</strong></span> <span class='ocrx_word' id='word_1_206' title='bbox 992 2487 1071 2542; x_wconf 88' lang='lat' dir='ltr'><strong>aiunt</strong></span> <span class='ocrx_word' id='word_1_207' title='bbox 1084 2489 1118 2542; x_wconf 92' lang='lat' dir='ltr'><strong>de</strong></span> <span class='ocrx_word' id='word_1_208' title='bbox 1130 2488 1217 2542; x_wconf 90' lang='lat' dir='ltr'><strong>Remo</strong></span> <span class='ocrx_word' id='word_1_209' title='bbox 1232 2495 1259 2543; x_wconf 88' lang='lat' dir='ltr'><strong>et</strong></span> <span class='ocrx_word' id='word_1_210' title='bbox 1270 2487 1400 2554; x_wconf 88' lang='lat' dir='ltr'><strong>Romulo)</strong></span> 
     </span>
     <span class='ocr_line' id='line_1_22' title="bbox 360 2574 1401 2645; baseline 0.001 -19"><span class='ocrx_word' id='word_1_211' title='bbox 360 2575 428 2627; x_wconf 76' lang='lat' dir='ltr'><strong>nihil</strong></span> <span class='ocrx_word' id='word_1_212' title='bbox 445 2574 511 2627; x_wconf 83' lang='lat' dir='ltr'><strong>addi</strong></span> <span class='ocrx_word' id='word_1_213' title='bbox 526 2579 587 2644; x_wconf 79' lang='lat' dir='ltr'><strong>apte</strong></span> <span class='ocrx_word' id='word_1_214' title='bbox 601 2574 742 2643; x_wconf 76' lang='lat' dir='ltr'><strong>potuisse]</strong></span> <span class='ocrx_word' id='word_1_215' title='bbox 840 2591 970 2645; x_wconf 90' lang='lat' dir='ltr'><strong>acecrope</strong></span> <span class='ocrx_word' id='word_1_216' title='bbox 989 2593 1050 2629; x_wconf 91' lang='lat' dir='ltr'><strong>corr</strong></span> <span class='ocrx_word' id='word_1_217' title='bbox 1068 2576 1098 2628; x_wconf 86' lang='lat' dir='ltr'><strong>in</strong></span> <span class='ocrx_word' id='word_1_218' title='bbox 1116 2591 1241 2645; x_wconf 87' lang='lat' dir='ltr'><strong>acrcrope</strong></span> <span class='ocrx_word' id='word_1_219' title='bbox 1259 2577 1316 2630; x_wconf 84' lang='lat' dir='ltr'><strong>AB</strong></span> <span class='ocrx_word' id='word_1_220' title='bbox 1334 2574 1401 2642; x_wconf 56' lang='lat' dir='ltr'><strong>alc&amp;</strong></span> 
     </span>
     <span class='ocr_line' id='line_1_23' title="bbox 360 2658 1401 2731; baseline 0 -19"><span class='ocrx_word' id='word_1_221' title='bbox 360 2676 428 2729; x_wconf 85' lang='lat' dir='ltr'><strong>rope</strong></span> <span class='ocrx_word' id='word_1_222' title='bbox 446 2662 482 2714; x_wconf 95' lang='lat' dir='ltr'><em>H</em></span> <span class='ocrx_word' id='word_1_223' title='bbox 565 2662 581 2712; x_wconf 89' lang='grc'>4</span> <span class='ocrx_word' id='word_1_224' title='bbox 599 2659 652 2714; x_wconf 91' lang='lat' dir='ltr'><strong>hoc</strong></span> <span class='ocrx_word' id='word_1_225' title='bbox 670 2658 714 2712; x_wconf 90' lang='lat' dir='ltr'><strong>ml</strong></span> <span class='ocrx_word' id='word_1_226' title='bbox 729 2661 768 2714; x_wconf 84' lang='lat' dir='ltr'><strong>sic</strong></span> <span class='ocrx_word' id='word_1_227' title='bbox 786 2661 911 2714; x_wconf 85' lang='lat' dir='ltr'><strong>distincte</strong></span> <span class='ocrx_word' id='word_1_228' title='bbox 922 2663 986 2726; x_wconf 81' lang='lat' dir='ltr'><strong>AB,</strong></span> <span class='ocrx_word' id='word_1_229' title='bbox 1007 2662 1070 2714; x_wconf 86' lang='lat' dir='ltr'><strong>item</strong></span> <span class='ocrx_word' id='word_1_230' title='bbox 1083 2662 1124 2726; x_wconf 87' lang='lat' dir='ltr'><strong>H,</strong></span> <span class='ocrx_word' id='word_1_231' title='bbox 1145 2662 1216 2731; x_wconf 82' lang='lat' dir='ltr'><strong>quod</strong></span> <span class='ocrx_word' id='word_1_232' title='bbox 1232 2660 1401 2715; x_wconf 83' lang='lat' dir='ltr'><strong>uerissimum</strong></span> 
     </span>
     <span class='ocr_line' id='line_1_24' title="bbox 361 2745 1401 2817; baseline 0.003 -20"><span class='ocrx_word' id='word_1_233' title='bbox 361 2750 399 2798; x_wconf 85' lang='lat' dir='ltr'><strong>cst</strong></span> <span class='ocrx_word' id='word_1_234' title='bbox 418 2750 442 2797; x_wconf 90' lang='lat' dir='ltr'><strong>et</strong></span> <span class='ocrx_word' id='word_1_235' title='bbox 460 2745 621 2798; x_wconf 83' lang='lat' dir='ltr'><strong>coniecturis</strong></span> <span class='ocrx_word' id='word_1_236' title='bbox 638 2746 836 2816; x_wconf 82' lang='lat' dir='ltr'><strong>corrumpitur,·</strong></span> <span class='ocrx_word' id='word_1_237' title='bbox 855 2765 938 2816; x_wconf 88' lang='lat' dir='ltr'><strong>neque</strong></span> <span class='ocrx_word' id='word_1_238' title='bbox 956 2747 1136 2800; x_wconf 83' lang='lat' dir='ltr'><strong>accusatiuum</strong></span> <span class='ocrx_word' id='word_1_239' title='bbox 1154 2748 1228 2800; x_wconf 86' lang='lat' dir='ltr'><strong>uelut</strong></span> <span class='ocrx_word' id='word_1_240' title='bbox 1246 2764 1345 2817; x_wconf 86' lang='lat' dir='ltr'><strong>corpus</strong></span> <span class='ocrx_word' id='word_1_241' title='bbox 1363 2747 1401 2800; x_wconf 87' lang='lat' dir='ltr'><strong>ool</strong></span> 
     </span>
     <span class='ocr_line' id='line_1_25' title="bbox 360 2829 1397 2902; baseline 0 -18"><span class='ocrx_word' id='word_1_242' title='bbox 360 2829 494 2884; x_wconf 86' lang='lat' dir='ltr'><strong>humandi</strong></span> <span class='ocrx_word' id='word_1_243' title='bbox 512 2830 663 2885; x_wconf 78' lang='lat' dir='ltr'><strong>desiderari</strong></span> <span class='ocrx_word' id='word_1_244' title='bbox 679 2832 852 2886; x_wconf 79' lang='lat' dir='ltr'><strong>concesserim</strong></span> <span class='ocrx_word' id='word_1_245' title='bbox 972 2849 1055 2902; x_wconf 90' lang='lat' dir='ltr'><strong>quam</strong></span> <span class='ocrx_word' id='word_1_246' title='bbox 1076 2832 1178 2885; x_wconf 83' lang='lat' dir='ltr'><strong>scilicet</strong></span> <span class='ocrx_word' id='word_1_247' title='bbox 1201 2831 1397 2897; x_wconf 83' lang='lat' dir='ltr'><strong>humationem,</strong></span> 
     </span>
     <span class='ocr_line' id='line_1_26' title="bbox 362 2916 1400 2988; baseline 0.002 -20"><span class='ocrx_word' id='word_1_248' title='bbox 362 2916 442 2987; x_wconf 84' lang='lat' dir='ltr'><strong>quusi</strong></span> <span class='ocrx_word' id='word_1_249' title='bbox 458 2935 512 2969; x_wconf 90' lang='lat' dir='ltr'><strong>non</strong></span> <span class='ocrx_word' id='word_1_250' title='bbox 530 2923 604 2969; x_wconf 86' lang='lat' dir='ltr'><strong>terra</strong></span> <span class='ocrx_word' id='word_1_251' title='bbox 621 2916 754 2970; x_wconf 86' lang='lat' dir='ltr'><strong>humandi</strong></span> <span class='ocrx_word' id='word_1_252' title='bbox 772 2918 819 2970; x_wconf 84' lang='lat' dir='ltr'><strong>sed</strong></span> <span class='ocrx_word' id='word_1_253' title='bbox 834 2916 1003 2971; x_wconf 89' lang='lat' dir='ltr'><strong>humationis</strong></span> <span class='ocrx_word' id='word_1_254' title='bbox 1017 2919 1225 2988; x_wconf 79' lang='lat' dir='ltr'><strong>praecessisset:</strong></span> <span class='ocrx_word' id='word_1_255' title='bbox 1246 2917 1285 2970; x_wconf 83' lang='lat' dir='ltr'><strong>sic</strong></span> <span class='ocrx_word' id='word_1_256' title='bbox 1305 2918 1400 2987; x_wconf 78' lang='lat' dir='ltr'><strong>Sobes-</strong></span> 
     </span>
     <span class='ocr_line' id='line_1_27' title="bbox 353 3001 1400 3073; baseline -0.001 -16"><span class='ocrx_word' id='word_1_257' title='bbox 353 3005 439 3073; x_wconf 81' lang='lat' dir='ltr'><strong>scrus</strong></span> <span class='ocrx_word' id='word_1_258' title='bbox 457 3001 585 3071; x_wconf 74' lang='lat' dir='ltr'><strong>explicat,</strong></span> <span class='ocrx_word' id='word_1_259' title='bbox 605 3021 676 3068; x_wconf 88' lang='lat' dir='ltr'><strong>uere,</strong></span> <span class='ocrx_word' id='word_1_260' title='bbox 697 3008 727 3056; x_wconf 91' lang='lat' dir='ltr'><strong>ut</strong></span> <span class='ocrx_word' id='word_1_261' title='bbox 740 3007 825 3072; x_wconf 78' lang='lat' dir='ltr'><strong>puto:</strong></span> <span class='ocrx_word' id='word_1_262' title='bbox 845 3006 941 3073; x_wconf 85' lang='lat' dir='ltr'><strong>confer</strong></span> <span class='ocrx_word' id='word_1_263' title='bbox 960 3005 993 3057; x_wconf 84' lang='lat' dir='ltr'><strong>de</strong></span> <span class='ocrx_word' id='word_1_264' title='bbox 1011 3011 1079 3057; x_wconf 85' lang='lat' dir='ltr'><strong>orat.</strong></span> <span class='ocrx_word' id='word_1_265' title='bbox 1101 3007 1125 3070; x_wconf 78' lang='lat'><strong>2,</strong></span> <span class='ocrx_word' id='word_1_266' title='bbox 1141 3007 1166 3069; x_wconf 78' lang='lat'><strong>2,</strong></span> <span class='ocrx_word' id='word_1_267' title='bbox 1181 3007 1196 3055; x_wconf 84' lang='lat'>5</span> <span class='ocrx_word' id='word_1_268' title='bbox 1216 3010 1324 3058; x_wconf 88' lang='lat' dir='ltr'><strong>ceterae</strong></span> <span class='ocrx_word' id='word_1_269' title='bbox 1341 3003 1400 3056; x_wconf 84' lang='lat' dir='ltr'><strong>fere</strong></span> 
     </span>
     <span class='ocr_line' id='line_1_28' title="bbox 361 3087 1401 3159; baseline -0.001 -17"><span class='ocrx_word' id='word_1_270' title='bbox 361 3095 434 3142; x_wconf 89' lang='lat' dir='ltr'><strong>artes</strong></span> <span class='ocrx_word' id='word_1_271' title='bbox 453 3105 482 3140; x_wconf 87' lang='lat' dir='ltr'><strong>se</strong></span> <span class='ocrx_word' id='word_1_272' title='bbox 500 3087 577 3159; x_wconf 86' lang='lat' dir='ltr'><strong>ipsae</strong></span> <span class='ocrx_word' id='word_1_273' title='bbox 595 3105 644 3159; x_wconf 90' lang='lat' dir='ltr'><strong>per</strong></span> <span class='ocrx_word' id='word_1_274' title='bbox 663 3105 691 3143; x_wconf 90' lang='lat' dir='ltr'><strong>se</strong></span> <span class='ocrx_word' id='word_1_275' title='bbox 709 3095 823 3142; x_wconf 89' lang='lat' dir='ltr'><strong>tuentur</strong></span> <span class='ocrx_word' id='word_1_276' title='bbox 842 3087 979 3158; x_wconf 81' lang='lat' dir='ltr'><strong>singulae:</strong></span> <span class='ocrx_word' id='word_1_277' title='bbox 1000 3089 1071 3144; x_wconf 87' lang='lat' dir='ltr'><strong>bene</strong></span> <span class='ocrx_word' id='word_1_278' title='bbox 1090 3089 1181 3144; x_wconf 87' lang='lat' dir='ltr'><strong>dicere</strong></span> <span class='ocrx_word' id='word_1_279' title='bbox 1200 3097 1304 3154; x_wconf 89' lang='lat' dir='ltr'><strong>autem,</strong></span> <span class='ocrx_word' id='word_1_280' title='bbox 1324 3088 1401 3159; x_wconf 92' lang='lat' dir='ltr'><strong>quod</strong></span> 
     </span>
     <span class='ocr_line' id='line_1_29' title="bbox 362 3173 1401 3245; baseline -0.001 -16"><span class='ocrx_word' id='word_1_281' title='bbox 362 3181 404 3229; x_wconf 88' lang='lat' dir='ltr'><strong>est</strong></span> <span class='ocrx_word' id='word_1_282' title='bbox 422 3173 540 3229; x_wconf 86' lang='lat' dir='ltr'><strong>scienter</strong></span> <span class='ocrx_word' id='word_1_283' title='bbox 559 3181 586 3228; x_wconf 93' lang='lat' dir='ltr'><strong>et</strong></span> <span class='ocrx_word' id='word_1_284' title='bbox 598 3174 686 3245; x_wconf 88' lang='lat' dir='ltr'><strong>perite</strong></span> <span class='ocrx_word' id='word_1_285' title='bbox 699 3181 726 3228; x_wconf 91' lang='lat' dir='ltr'><strong>et</strong></span> <span class='ocrx_word' id='word_1_286' title='bbox 738 3181 835 3229; x_wconf 90' lang='lat' dir='ltr'><strong>ornate</strong></span> <span class='ocrx_word' id='word_1_287' title='bbox 848 3173 948 3239; x_wconf 86' lang='lat' dir='ltr'><strong>dicere,</strong></span> <span class='ocrx_word' id='word_1_288' title='bbox 962 3174 1114 3230; x_wconf 88' lang='lat' dir='ltr'><strong>nonhabet</strong></span> <span class='ocrx_word' id='word_1_289' title='bbox 1128 3174 1268 3229; x_wconf 86' lang='lat' dir='ltr'><strong>definitam</strong></span> <span class='ocrx_word' id='word_1_290' title='bbox 1280 3174 1401 3245; x_wconf 88' lang='lat' dir='ltr'><strong>aliquam</strong></span> 
     </span>
     <span class='ocr_line' id='line_1_30' title="bbox 360 3259 1401 3332; baseline -0.002 -18"><span class='ocrx_word' id='word_1_291' title='bbox 360 3261 509 3330; x_wconf 87' lang='lat' dir='ltr'><strong>regionem,</strong></span> <span class='ocrx_word' id='word_1_292' title='bbox 525 3260 605 3315; x_wconf 85' lang='lat' dir='ltr'><strong>cuius</strong></span> <span class='ocrx_word' id='word_1_293' title='bbox 616 3259 741 3314; x_wconf 90' lang='lat' dir='ltr'><strong>terminis</strong></span> <span class='ocrx_word' id='word_1_294' title='bbox 755 3267 848 3331; x_wconf 87' lang='lat' dir='ltr'><strong>saepta</strong></span> <span class='ocrx_word' id='word_1_295' title='bbox 860 3267 1000 3324; x_wconf 74' lang='lat' dir='ltr'><strong>teneatur-3</strong></span> <span class='ocrx_word' id='word_1_296' title='bbox 1017 3264 1108 3332; x_wconf 86' lang='lat' dir='ltr'><strong>[neque</strong></span> <span class='ocrx_word' id='word_1_297' title='bbox 1126 3262 1196 3315; x_wconf 79' lang='lat' dir='ltr'><strong>enirn</strong></span> <span class='ocrx_word' id='word_1_298' title='bbox 1214 3262 1251 3314; x_wconf 85' lang='lat' dir='ltr'><strong>od</strong></span> <span class='ocrx_word' id='word_1_299' title='bbox 1268 3267 1342 3315; x_wconf 87' lang='lat' dir='ltr'><strong>artes</strong></span> <span class='ocrx_word' id='word_1_300' title='bbox 1360 3279 1401 3313; x_wconf 88' lang='lat' dir='ltr'><strong>rc-</strong></span> 
     </span>
     <span class='ocr_line' id='line_1_31' title="bbox 361 3346 1402 3419; baseline 0.001 -21"><span class='ocrx_word' id='word_1_301' title='bbox 361 3346 400 3401; x_wconf 80' lang='lat' dir='ltr'><strong>dit</strong></span> <span class='ocrx_word' id='word_1_302' title='bbox 413 3354 517 3419; x_wconf 90' lang='lat' dir='ltr'><strong>saepta,</strong></span> <span class='ocrx_word' id='word_1_303' title='bbox 532 3348 602 3418; x_wconf 79' lang='lat' dir='ltr'><strong>quod</strong></span> <span class='ocrx_word' id='word_1_304' title='bbox 619 3365 652 3400; x_wconf 89' lang='lat' dir='ltr'><strong>ne</strong></span> <span class='ocrx_word' id='word_1_305' title='bbox 661 3347 733 3417; x_wconf 79' lang='lat' dir='ltr'><strong>ficri</strong></span> <span class='ocrx_word' id='word_1_306' title='bbox 743 3347 850 3416; x_wconf 83' lang='lat' dir='ltr'><strong>quidem</strong></span> <span class='ocrx_word' id='word_1_307' title='bbox 864 3349 1076 3417; x_wconf 78' lang='lat' dir='ltr'><strong>perorationem</strong></span> <span class='ocrx_word' id='word_1_308' title='bbox 1086 3349 1195 3419; x_wconf 73' lang='lat' dir='ltr'><strong>potuit:</strong></span> <span class='ocrx_word' id='word_1_309' title='bbox 1214 3349 1261 3402; x_wconf 82' lang='lat' dir='ltr'><strong>scd</strong></span> <span class='ocrx_word' id='word_1_310' title='bbox 1273 3346 1402 3416; x_wconf 88' lang='lat' dir='ltr'><strong>eloquen-</strong></span> 
     </span>
     <span class='ocr_line' id='line_1_32' title="bbox 360 3432 1401 3504; baseline -0.001 -18"><span class='ocrx_word' id='word_1_311' title='bbox 360 3433 415 3487; x_wconf 88' lang='lat' dir='ltr'><strong>tiae</strong></span> <span class='ocrx_word' id='word_1_312' title='bbox 433 3434 488 3487; x_wconf 86' lang='lat' dir='ltr'><strong>loco</strong></span> <span class='ocrx_word' id='word_1_313' title='bbox 507 3451 567 3486; x_wconf 86' lang='lat' dir='ltr'><strong>curn</strong></span> <span class='ocrx_word' id='word_1_314' title='bbox 585 3438 657 3485; x_wconf 83' lang='lat' dir='ltr'><strong>certo</strong></span> <span class='ocrx_word' id='word_1_315' title='bbox 674 3432 780 3486; x_wconf 85' lang='lat' dir='ltr'><strong>ratione</strong></span> <span class='ocrx_word' id='word_1_316' title='bbox 791 3432 862 3486; x_wconf 89' lang='lat' dir='ltr'><strong>bene</strong></span> <span class='ocrx_word' id='word_1_317' title='bbox 875 3433 967 3487; x_wconf 86' lang='lat' dir='ltr'><strong>dicere</strong></span> <span class='ocrx_word' id='word_1_318' title='bbox 975 3434 1119 3504; x_wconf 81' lang='lat' dir='ltr'><strong>posuisset,</strong></span> <span class='ocrx_word' id='word_1_319' title='bbox 1140 3435 1177 3488; x_wconf 82' lang='lat' dir='ltr'><strong>od</strong></span> <span class='ocrx_word' id='word_1_320' title='bbox 1194 3451 1342 3503; x_wconf 77' lang='lat' dir='ltr'><strong>conquam</strong></span> <span class='ocrx_word' id='word_1_321' title='bbox 1355 3451 1401 3485; x_wconf 93' lang='lat' dir='ltr'><strong>co-</strong></span> 
     </span>
     <span class='ocr_line' id='line_1_33' title="bbox 359 3518 1402 3590; baseline -0.001 -19"><span class='ocrx_word' id='word_1_322' title='bbox 359 3519 467 3586; x_wconf 74' lang='lat' dir='ltr'><strong>pitnbut</strong></span> <span class='ocrx_word' id='word_1_323' title='bbox 480 3518 665 3588; x_wconf 86' lang='lat' dir='ltr'><strong>eloquentiam</strong></span> <span class='ocrx_word' id='word_1_324' title='bbox 679 3519 860 3590; x_wconf 67' lang='lat' dir='ltr'><strong>particapium</strong></span> <span class='ocrx_word' id='word_1_325' title='bbox 872 3519 1036 3590; x_wconf 79' lang='lat' dir='ltr'><strong>applicuuit:</strong></span> <span class='ocrx_word' id='word_1_326' title='bbox 1057 3520 1096 3573; x_wconf 84' lang='lat' dir='ltr'><strong>sic</strong></span> <span class='ocrx_word' id='word_1_327' title='bbox 1108 3520 1152 3573; x_wconf 89' lang='lat' dir='ltr'><strong>ius</strong></span> <span class='ocrx_word' id='word_1_328' title='bbox 1164 3518 1297 3574; x_wconf 90' lang='lat' dir='ltr'><strong>humandi</strong></span> <span class='ocrx_word' id='word_1_329' title='bbox 1310 3519 1402 3590; x_wconf 75' lang='lat' dir='ltr'><strong>oppet-</strong></span> 
     </span>
     <span class='ocr_line' id='line_1_34' title="bbox 361 3603 1399 3675; baseline -0.003 -17"><span class='ocrx_word' id='word_1_330' title='bbox 361 3605 437 3669; x_wconf 85' lang='lat' dir='ltr'><strong>iuuit,</strong></span> <span class='ocrx_word' id='word_1_331' title='bbox 456 3606 485 3658; x_wconf 90' lang='lat' dir='ltr'><strong>in</strong></span> <span class='ocrx_word' id='word_1_332' title='bbox 503 3624 554 3675; x_wconf 84' lang='lat' dir='ltr'><strong>quo</strong></span> <span class='ocrx_word' id='word_1_333' title='bbox 572 3605 635 3675; x_wconf 73' lang='lat' dir='ltr'><strong>pario</strong></span> <span class='ocrx_word' id='word_1_334' title='bbox 654 3605 723 3658; x_wconf 83' lang='lat' dir='ltr'><strong>ineat</strong></span> <span class='ocrx_word' id='word_1_335' title='bbox 739 3603 871 3667; x_wconf 90' lang='lat' dir='ltr'><strong>humatio,</strong></span> <span class='ocrx_word' id='word_1_336' title='bbox 893 3605 929 3658; x_wconf 80' lang='lat' dir='ltr'><strong>od</strong></span> <span class='ocrx_word' id='word_1_337' title='bbox 940 3621 998 3658; x_wconf 87' lang='lat' dir='ltr'><strong>eom</strong></span> <span class='ocrx_word' id='word_1_338' title='bbox 1010 3607 1156 3659; x_wconf 83' lang='lat' dir='ltr'><strong>relatiuam</strong></span> <span class='ocrx_word' id='word_1_339' title='bbox 1168 3606 1399 3659; x_wconf 83' lang='lat' dir='ltr'><strong>accommodatur.-</strong></span> 
     </span>
     <span class='ocr_line' id='line_1_35' title="bbox 360 3690 1402 3761; baseline -0.001 -18"><span class='ocrx_word' id='word_1_340' title='bbox 360 3690 487 3743; x_wconf 85' lang='lat' dir='ltr'><strong>simiiiter</strong></span> <span class='ocrx_word' id='word_1_341' title='bbox 501 3709 554 3760; x_wconf 82' lang='lat' dir='ltr'><strong>pro</strong></span> <span class='ocrx_word' id='word_1_342' title='bbox 574 3692 651 3744; x_wconf 87' lang='lat' dir='ltr'><strong>Mur.</strong></span> <span class='ocrx_word' id='word_1_343' title='bbox 668 3693 712 3755; x_wconf 90' lang='lat'><strong>13,</strong></span> <span class='ocrx_word' id='word_1_344' title='bbox 736 3693 768 3742; x_wconf 79' lang='lat'><strong>29</strong></span> <span class='ocrx_word' id='word_1_345' title='bbox 786 3698 879 3744; x_wconf 88' lang='lat' dir='ltr'><strong>uestra</strong></span> <span class='ocrx_word' id='word_1_346' title='bbox 897 3707 1029 3760; x_wconf 84' lang='lat' dir='ltr'><strong>responsa</strong></span> <span class='ocrx_word' id='word_1_347' title='bbox 1048 3699 1130 3761; x_wconf 73' lang='lat' dir='ltr'><strong>atque</strong></span> <span class='ocrx_word' id='word_1_348' title='bbox 1148 3691 1259 3746; x_wconf 85' lang='lat' dir='ltr'><strong>decreta</strong></span> <span class='ocrx_word' id='word_1_349' title='bbox 1278 3698 1305 3744; x_wconf 90' lang='lat' dir='ltr'><strong>et</strong></span> <span class='ocrx_word' id='word_1_350' title='bbox 1323 3706 1402 3743; x_wconf 88' lang='lat' dir='ltr'><strong>euer-</strong></span> 
     </span>
     <span class='ocr_line' id='line_1_36' title="bbox 359 3775 1402 3854; baseline 0 -25"><span class='ocrx_word' id='word_1_351' title='bbox 359 3782 458 3854; x_wconf 88' lang='lat' dir='ltr'><strong>tuntur</strong></span> <span class='ocrx_word' id='word_1_352' title='bbox 482 3792 564 3846; x_wconf 88' lang='lat' dir='ltr'><strong>saepe</strong></span> <span class='ocrx_word' id='word_1_353' title='bbox 589 3775 714 3830; x_wconf 87' lang='lat' dir='ltr'><strong>dicendo.</strong></span> <span class='ocrx_word' id='word_1_354' title='bbox 731 3783 758 3830; x_wconf 92' lang='lat' dir='ltr'><strong>et</strong></span> <span class='ocrx_word' id='word_1_355' title='bbox 777 3775 836 3831; x_wconf 88' lang='lat' dir='ltr'><strong>sine</strong></span> <span class='ocrx_word' id='word_1_356' title='bbox 854 3775 1016 3831; x_wconf 76' lang='lat' dir='ltr'><strong>defensione</strong></span> <span class='ocrx_word' id='word_1_357' title='bbox 1034 3777 1153 3831; x_wconf 85' lang='lat' dir='ltr'><strong>oratoris</strong></span> <span class='ocrx_word' id='word_1_358' title='bbox 1170 3777 1249 3831; x_wconf 89' lang='lat' dir='ltr'><strong>firma</strong></span> <span class='ocrx_word' id='word_1_359' title='bbox 1267 3793 1402 3830; x_wconf 88' lang='lat' dir='ltr'><strong>essenon</strong></span> 
     </span>
     <span class='ocr_line' id='line_1_37' title="bbox 361 3859 1399 3933; baseline -0.002 -17"><span class='ocrx_word' id='word_1_360' title='bbox 361 3867 484 3932; x_wconf 88' lang='lat' dir='ltr'><strong>possunt.</strong></span> <span class='ocrx_word' id='word_1_361' title='bbox 498 3859 528 3915; x_wconf 92' lang='lat' dir='ltr'><strong>in</strong></span> <span class='ocrx_word' id='word_1_362' title='bbox 539 3879 594 3932; x_wconf 88' lang='lat' dir='ltr'><strong>qua</strong></span> <span class='ocrx_word' id='word_1_363' title='bbox 604 3860 628 3915; x_wconf 88' lang='lat' dir='ltr'><strong>si</strong></span> <span class='ocrx_word' id='word_1_364' title='bbox 637 3861 724 3916; x_wconf 87' lang='lat' dir='ltr'><strong>satius</strong></span> <span class='ocrx_word' id='word_1_365' title='bbox 734 3861 921 3933; x_wconf 84' lang='lat' dir='ltr'><strong>profecissem,</strong></span> <span class='ocrx_word' id='word_1_366' title='bbox 930 3862 1040 3932; x_wconf 86' lang='lat' dir='ltr'><strong>parcius</strong></span> <span class='ocrx_word' id='word_1_367' title='bbox 1053 3862 1088 3916; x_wconf 89' lang='lat' dir='ltr'><strong>de</strong></span> <span class='ocrx_word' id='word_1_368' title='bbox 1098 3863 1157 3917; x_wconf 90' lang='lat' dir='ltr'><strong>eius</strong></span> <span class='ocrx_word' id='word_1_369' title='bbox 1169 3862 1253 3917; x_wconf 88' lang='lat' dir='ltr'><strong>laude</strong></span> <span class='ocrx_word' id='word_1_370' title='bbox 1265 3861 1399 3916; x_wconf 81' lang='lat' dir='ltr'><strong>dicerem:</strong></span> 
     </span>
     <span class='ocr_line' id='line_1_38' title="bbox 360 3947 1400 4018; baseline -0.002 -16"><span class='ocrx_word' id='word_1_371' title='bbox 360 3949 405 4002; x_wconf 88' lang='lat' dir='ltr'><strong>uln&#39;</strong></span> <span class='ocrx_word' id='word_1_372' title='bbox 422 3967 469 4002; x_wconf 85' lang='lat' dir='ltr'><strong>noc</strong></span> <span class='ocrx_word' id='word_1_373' title='bbox 487 3965 541 4018; x_wconf 88' lang='lat' dir='ltr'><strong>quo</strong></span> <span class='ocrx_word' id='word_1_374' title='bbox 556 3947 733 4014; x_wconf 80' lang='lat' dir='ltr'><strong>scribendum,</strong></span> <span class='ocrx_word' id='word_1_375' title='bbox 751 3965 799 4002; x_wconf 88' lang='lat' dir='ltr'><strong>nec</strong></span> <span class='ocrx_word' id='word_1_376' title='bbox 811 3965 841 4002; x_wconf 89' lang='lat' dir='ltr'><strong>re</strong></span> <span class='ocrx_word' id='word_1_377' title='bbox 852 3952 900 4002; x_wconf 88' lang='lat' dir='ltr'><strong>out</strong></span> <span class='ocrx_word' id='word_1_378' title='bbox 913 3955 972 4003; x_wconf 87' lang='lat' dir='ltr'><strong>arte</strong></span> <span class='ocrx_word' id='word_1_379' title='bbox 984 3950 1143 4015; x_wconf 55' lang='lat' dir='ltr'><strong>adunatum,</strong></span> <span class='ocrx_word' id='word_1_380' title='bbox 1159 3949 1324 4003; x_wconf 76' lang='lat' dir='ltr'><strong>sedericum</strong></span> <span class='ocrx_word' id='word_1_381' title='bbox 1334 3965 1400 4018; x_wconf 84' lang='lat' dir='ltr'><strong>quac</strong></span> 
     </span>
     <span class='ocr_line' id='line_1_39' title="bbox 362 4033 1401 4106; baseline -0.002 -19"><span class='ocrx_word' id='word_1_382' title='bbox 362 4033 523 4088; x_wconf 87' lang='lat' dir='ltr'><strong>defensione</strong></span> <span class='ocrx_word' id='word_1_383' title='bbox 542 4033 659 4088; x_wconf 84' lang='lat' dir='ltr'><strong>oratoris</strong></span> <span class='ocrx_word' id='word_1_384' title='bbox 678 4035 834 4104; x_wconf 63' lang='lat' dir='ltr'><strong>designatur</strong></span> <span class='ocrx_word' id='word_1_385' title='bbox 852 4033 1036 4104; x_wconf 88' lang='lat' dir='ltr'><strong>eloquentiam</strong></span> <span class='ocrx_word' id='word_1_386' title='bbox 1053 4037 1176 4106; x_wconf 82' lang='lat' dir='ltr'><strong>refertur</strong></span> <span class='ocrx_word' id='word_1_387' title='bbox 1193 4035 1222 4088; x_wconf 89' lang='lat' dir='ltr'><strong>in</strong></span> <span class='ocrx_word' id='word_1_388' title='bbox 1240 4036 1324 4104; x_wconf 83' lang='lat' dir='ltr'><strong>qua];</strong></span> <span class='ocrx_word' id='word_1_389' title='bbox 1346 4051 1401 4102; x_wconf 73' lang='lat' dir='ltr'><strong>pro</strong></span> 
     </span>
     <span class='ocr_line' id='line_1_40' title="bbox 361 4119 1313 4192; baseline -0.001 -19"><span class='ocrx_word' id='word_1_390' title='bbox 361 4136 443 4189; x_wconf 84' lang='lat' dir='ltr'><strong>quam</strong></span> <span class='ocrx_word' id='word_1_391' title='bbox 454 4121 568 4176; x_wconf 82' lang='lat' dir='ltr'><strong>coniecit</strong></span> <span class='ocrx_word' id='word_1_392' title='bbox 578 4119 654 4191; x_wconf 89' lang='lat' dir='ltr'><strong>quod</strong></span> <span class='ocrx_word' id='word_1_393' title='bbox 670 4120 816 4187; x_wconf 84' lang='lat' dir='ltr'><strong>Turnebus,</strong></span> <span class='ocrx_word' id='word_1_394' title='bbox 825 4122 972 4191; x_wconf 81' lang='lat' dir='ltr'><strong>probatum</strong></span> <span class='ocrx_word' id='word_1_395' title='bbox 982 4120 1128 4192; x_wconf 74' lang='lat' dir='ltr'><strong>Moduiqto</strong></span> <span class='ocrx_word' id='word_1_396' title='bbox 1144 4121 1214 4192; x_wconf 80' lang='lat' dir='ltr'><strong>Opp.</strong></span> <span class='ocrx_word' id='word_1_397' title='bbox 1224 4123 1249 4185; x_wconf 84' lang='lat'><strong>2,</strong></span> <span class='ocrx_word' id='word_1_398' title='bbox 1264 4122 1313 4174; x_wconf 79' lang='lat'><strong>160</strong></span> 
     </span>
    </p>
   </div>
   <div class='ocr_carea' id='block_1_6' title="bbox 361 4197 1403 4309">
    <p class='ocr_par' dir='ltr' id='par_1_7' title="bbox 361 4197 1403 4309">
     <span class='ocr_line' id='line_1_41' title="bbox 361 4197 1403 4309; baseline -0.002 -33"><span class='ocrx_word' id='word_1_399' title='bbox 361 4241 444 4293; x_wconf 92' lang='lat' dir='ltr'><strong>quom</strong></span> <span class='ocrx_word' id='word_1_400' title='bbox 460 4229 488 4279; x_wconf 80' lang='lat' dir='ltr'><strong>A</strong></span> <span class='ocrx_word' id='word_1_401' title='bbox 509 4230 542 4278; x_wconf 76' lang='lat' dir='ltr'><strong>cfr</strong></span> <span class='ocrx_word' id='word_1_402' title='bbox 559 4228 587 4281; x_wconf 91' lang='lat' dir='ltr'><em>B</em></span> <span class='ocrx_word' id='word_1_403' title='bbox 606 4241 668 4278; x_wconf 89' lang='lat' dir='ltr'><strong>cum</strong></span> <span class='ocrx_word' id='word_1_404' title='bbox 685 4225 721 4279; x_wconf 90' lang='lat' dir='ltr'><em>H</em></span> <span class='ocrx_word' id='word_1_405' title='bbox 802 4241 892 4294; x_wconf 80' lang='lat' dir='ltr'><strong>pxrmr</strong></span> <span class='ocrx_word' id='word_1_406' title='bbox 909 4224 946 4277; x_wconf 92' lang='lat' dir='ltr'><em>H</em></span> <span class='ocrx_word' id='word_1_407' title='bbox 1034 4227 1050 4277; x_wconf 88' lang='grc'><strong>6</strong></span> <span class='ocrx_word' id='word_1_408' title='bbox 1068 4197 1125 4309; x_wconf 57' lang='lat' dir='ltr'><strong>laih}</strong></span> <span class='ocrx_word' id='word_1_409' title='bbox 1146 4227 1196 4288; x_wconf 76' lang='lat' dir='ltr'><strong>(rec</strong></span> <span class='ocrx_word' id='word_1_410' title='bbox 1213 4229 1345 4293; x_wconf 81' lang='lat' dir='ltr'><strong>superscr)</strong></span> <span class='ocrx_word' id='word_1_411' title='bbox 1366 4221 1403 4274; x_wconf 92' lang='lat' dir='ltr'><em>H</em></span> 
     </span>
    </p>
   </div>
   <div class='ocr_carea' id='block_1_7' title="bbox 0 0 1631 4964">
    <p class='ocr_par' dir='ltr' id='par_1_8' title="bbox 0 0 1631 4964">
     <span class='ocr_line' id='line_1_42' title="bbox 0 0 1631 4964; baseline 0 0"><span class='ocrx_word' id='word_1_412' title='bbox 0 0 1631 4964; x_wconf 95' lang='lat' dir='ltr'><strong> </strong></span> 
     </span>
    </p>
   </div>
  </div>
 </body>
</html>
