3252 4964
638 453 660 493 11
679 441 721 505 23,
737 443 849 494 58-59
1201 447 1261 508 147

228 614 396 678 consecuti
424 623 510 678 nunt.
540 613 597 678 sed
623 621 660 677 ut
686 613 721 676 in
751 615 831 678 urbe
854 613 984 698 sepeliri
1006 613 1062 678 lex
1084 624 1187 694 uetat,
1214 616 1260 679 sic

229 719 397 782 decretum
418 739 437 780 a
459 717 654 801 pontificum
682 717 832 802 collegio,
863 739 931 781 non
958 739 1026 782 esse
1053 718 1105 782 ius
1131 718 1168 781 in
1189 719 1261 782 loeo

227 821 361 905 publico
384 819 456 884 fieri
477 819 698 904 sepulchrum.
722 822 824 886 nostis
847 832 939 886 extra
953 832 1081 905 portam
1096 822 1261 887 Collinam

230 925 343 988 eedem
362 924 522 988 Honoris:
548 945 638 986 aram
658 924 695 987 in
717 945 755 988 eo
778 925 849 988 loeo
873 925 972 989 fuisse
994 924 1169 989 memoriae
1184 947 1261 1008 pro·

230 1027 336 1091 ditum
358 1038 420 1106 est;
444 1028 487 1090 ad
508 1049 579 1090 eam
602 1049 679 1090 oum
700 1028 824 1091 lomina
846 1040 929 1092 esset
951 1029 1088 1092 inuenta
1111 1039 1143 1093 et
1165 1027 1200 1091 in
1224 1046 1290 1092 eat

230 1131 388 1214 scriptum
410 1131 533 1193 lamina
554 1150 708 1209 uocemue,
734 1154 772 1195 ea
794 1154 891 1196 causo
914 1133 977 1197 fuit
999 1132 1088 1196 aedis
1107 1132 1188 1195 haee
1204 1132 1261 1194 de·

231 1234 347 1298 dicare.
376 1234 433 1298 sed
456 1255 556 1317 quom
578 1234 682 1297 multo
703 1235 740 1298 in
763 1257 800 1299 eo
823 1236 895 1300 loeo
917 1234 1090 1320 sepulchra
1112 1235 1259 1312 fuissent,
1345 1259 1348 1266 ¹

231 1348 362 1401 exarata
389 1348 479 1416 sunt;
508 1337 622 1401 statuit
649 1338 739 1400 enim
761 1339 937 1424 collegium
958 1339 1069 1402 locum
1090 1337 1262 1422 publicum

230 1462 298 1504 non
319 1440 463 1524 potuisse
485 1440 615 1524 priuata
637 1441 794 1525 religione
817 1442 963 1527 obligari.

181 1549 219 1605 59
293 1545 364 1607 Iam
387 1554 495 1608 cetero
515 1543 552 1606 in
567 1561 616 1607 ΧΠ
635 1543 807 1607 minuendi
830 1556 980 1628 sumptus
1002 1555 1080 1608 sunt
1101 1545 1262 1608 lamenta·
1281 1563 1305 1604 10

230 1647 393 1730 tionisque
422 1646 584 1726 funebris,
613 1648 770 1711 translate
799 1648 838 1711 de
868 1647 996 1711 Solonis
1026 1647 1093 1711 fere
1124 1647 1260 1733 legibus.

226 1743 306 1814 ‘hoe
332 1743 419 1835 plus'
448 1749 557 1834 inquit
582 1741 642 1813 ‘ne
671 1750 782 1814 facito:
812 1773 928 1836 rogum
950 1773 1042 1815 asceo
1068 1773 1110 1820 ne
1135 1743 1264 1835 polito'

233 1991 400 2058 Heinoiocuc
418 1988 519 2044 solunt
528 1993 557 2043 A
575 1989 666 2045 lolius
683 1992 710 2045 Β
799 1994 810 2043 1
831 1991 971 2046 consecuti
989 1991 1134 2046 deteriores
1150 2009 1206 2044 non
1224 1989 1264 2044 se-

231 2094 289 2131 cun
306 2078 401 2132 ΑΒΗ
488 2084 520 2131 ut
537 2077 642 2132 addidit
660 2076 821 2149 Maduiqiuo
842 2079 951 2147 Opp.2‚
968 2079 1016 2130 159
1112 2074 1149 2130 fic
1167 2077 1263 2132 decre-

230 2181 291 2216 tum
303 2165 331 2218 B
349 2160 385 2215 sit
402 2162 512 2217 decrlzfi
530 2163 559 2217 in
577 2181 676 2218 raecra
688 2164 716 2215 A
729 2159 893 2216 sidecretum
906 2162 1075 2217 Hcicoianuo
1163 2165 1178 2216 2
1197 2181 1264 2234 pon-

230 2248 299 2320 niiel
319 2251 346 2300 A
456 2246 529 2302 essct
546 2251 600 2314 (ced
616 2269 631 2303 τ
648 2250 677 2302 in
695 2266 741 2302 rac
759 2251 826 2314 corr)
850 2249 886 2303 Η
995 2249 1010 2300 3
1028 2247 1117 2302 nostis
1135 2249 1264 2302 editiones

230 2332 332 2389 nostris
348 2338 375 2388 A
394 2332 451 2389 ciis
466 2334 533 2389 BH
631 2339 647 2388 4
665 2335 760 2388 heram
779 2334 815 2387 H
827 2333 895 2405 llari
912 2337 939 2390 Β
1031 2331 1132 2387 luisse*
1149 2336 1177 2387 A

232 2435 355 2493 5lomna
371 2440 399 2491 A
418 2438 586 2493 Haimianuo
603 2411 681 2509 leniie
700 2441 727 2494 Β
831 2421 870 2490 elz
887 2437 916 2490 in
934 2440 1072 2491 recuraA
1176 2437 1261 2504 meae!

231 2543 259 2596 Β
281 2539 308 2604 (1
324 2545 443 2607 matum)
561 2541 695 2596 filomina
718 2541 856 2595 Tumcebue
874 2540 984 2594 domina
1001 2542 1029 2593 A
1040 2505 1126 2594 dimo
1144 2542 1172 2595 Β
1189 2558 1264 2594 mina

232 2627 415 2693 Hcinoicnu83
429 2626 541 2693 lamina,
555 2629 627 2698 quod
638 2632 669 2681 ut
680 2627 865 2697 inscriptionis
873 2632 981 2697 portem
993 2643 1052 2680 eom
1063 2639 1192 2682 110Νο318
1203 2644 1264 2681 eon-

231 2714 344 2783 iucquot
365 2713 515 2777 Turnebus,
536 2713 694 2777 Lambinus,
715 2714 751 2768 ad
765 2731 915 2784 pronomen
935 2731 966 2767 ea
977 2712 1124 2783 perticere,
1139 2713 1265 2767 Mooeruc

231 2803 301 2853 recte
319 2801 438 2866 ductat,
457 2800 595 2871 genetivus
612 2805 700 2854 actem
718 2799 847 2870 inccripli
858 2799 974 2854 nominis
986 2799 1062 2854 halet
1073 2801 1221 2869 compium
1232 2801 1265 2861 de

231 2891 288 2938 nat.
309 2886 380 2940 deor.
399 2887 428 2951 3,
443 2888 489 2950 34,
505 2887 538 2938 84
556 2885 585 2938 in
607 2884 853 2956 quibu1(menois)
873 2902 935 2939 cum
957 2903 1033 2940 more
1058 2885 1162 2940 ueteris
1181 2885 1266 2940 Grae·

233 2969 291 3024 ciae
307 2969 470 3042 inscriptum
488 2978 561 3027 esset
578 2985 721 3026 BONORVM
742 2984 866 3025 nooevit
1017 2990 1048 3026 ea
1068 2975 1096 3036 (e
1114 2991 1127 3026 e
1146 2975 1218 3036 corr)
1237 2972 1265 3023 A

352 3055 428 3111 aedis
442 3058 509 3112 haec
529 3056 600 3137 (edil
614 3057 676 3138 heo)
698 3058 824 3112 dedicore
842 3058 943 3122 ΑΒΗ,
965 3076 1030 3128 quae
1048 3076 1143 3111 uereor
1160 3075 1193 3112 oc
1211 3075 1265 3110 non

228 3143 312 3212 probe
330 3143 360 3196 in
376 3144 547 3198 deterioribus
565 3150 683 3198 correcta
700 3145 762 3209 ont,
784 3145 832 3214 qui
841 3145 907 3198 haee
924 3144 1028 3208 labent,
1049 3145 1128 3213 culqc
1146 3148 1262 3211 recepta,

232 3226 309 3282 aedis
320 3227 403 3282 huius
418 3228 597 3294 dedicendoe3
618 3230 701 3284 scribi
707 3235 816 3300 poterat
828 3248 861 3284 ea
872 3247 955 3284 causa
967 3229 1022 3284 fuit
1032 3229 1098 3298 (eur)
1110 3227 1187 3282 aedis
1198 3227 1266 3281 haee

232 3312 375 3369 dedicaret
391 3316 473 3385 [quod
485 3317 534 3384 qui
540 3315 669 3385 probauit
682 3316 841 3371 Huoelkiuo
855 3316 952 3370 maluit
962 3315 1018 3368 fuit
1029 3314 1076 3384 (ut)
1088 3313 1173 3379 aedis,
1185 3314 1266 3385 plau-

233 3401 354 3456 dentibus
372 3401 482 3455 ceteris:
501 3402 571 3471 qood
588 3421 605 3456 a
622 3420 663 3456 me
681 3402 726 3457 atti
737 3403 806 3472 quod
821 3402 902 3472 posui
917 3420 971 3455 con
990 3406 1085 3455 temere
1102 3404 1150 3453 aut
1167 3399 1266 3469 ἐπουρί-

232 3491 322 3540 tantcr
335 3486 517 3556 posthabitum
534 3487 675 3558 intelliqet,
696 3490 744 3559 qui
761 3490 790 3542 in
805 3495 893 3542 utram
901 3489 1009 3558 partem
1018 3487 1111 3557 potius
1123 3504 1187 3539 mue
1202 3486 1266 3540 Tot

232 3573 322 3627 liunus
339 3592 366 3627 oc
382 3573 492 3627 noterit
511 3591 569 3628 cum
586 3591 651 3627 cura
668 3579 800 3628 scrutatus
811 3573 921 3643 fcerit]
1043 3574 1057 3623 1
1077 3589 1160 3642 quom
1177 3571 1266 3649 multe

230 3663 257 3711 A
276 3657 448 3724 cumlmulta
466 3661 532 3715 ΒΗ
648 3658 823 3730 Scolhgium
843 3659 882 3723 H,
902 3677 965 3712 corr
982 3657 1072 3726 colleg
1089 3660 1146 3712 AB

231 3735 365 3832 opotisse
383 3765 411 3814 A
429 3761 534 3833 potilio
551 3767 580 3819 B
597 3761 699 3834 ponsse
718 3762 887 3817 Heiccicnuo
1003 3735 1108 3833 rehiimi
1126 3763 1154 3814 A

234 3866 264 3916 10
282 3837 550 3938 mm'endusumprus
558 3869 586 3920 A
604 3839 725 3920 mniendi
743 3839 869 3935 sumptis
877 3865 906 3918 B
923 3846 994 3920 inm
1012 3863 1104 3919 mendi
1123 3861 1223 3934 ffiptus
1234 3865 1270 3918 H

341 3950 600 4022 lamentationioque
617 3951 762 4006 deteriores
779 3949 1046 4021 lementeuonesque
1064 3950 1159 4004 ΑΒΗ

233 4039 263 4088 11
277 4036 402 4092 funebris
415 4037 547 4092 Davisius
559 4035 667 4091 funeris
677 4038 771 4092 ΑΒΗ
779 4038 823 4107 Cf.
833 4037 992 4110 Madciqiuo
1007 4036 1076 4105 opp.
1087 4037 1111 4099 2,
1125 4037 1173 4087 159

229 4103 368 4195 translata
387 4139 428 4208 (ci
444 4141 472 4194 in
489 4143 593 4206 rasura)
613 4143 641 4194 A
750 4137 853 4194 solonis
869 4138 928 4210 (lonv
941 4141 970 4194 ic
988 4141 1091 4204 rasura)
1116 4137 1144 4190 A

232 4244 263 4295 12
277 4243 375 4314 mquid
388 4246 424 4299 H
436 4217 533 4314 inquii
545 4245 601 4298 AB
710 4260 745 4296 ne
766 4243 866 4298 facito:
881 4259 978 4312 rogum
990 4259 1070 4296 oseca
1081 4240 1185 4310 primus
1196 4244 1266 4293 reete

1008 4326 1056 4378 10*
