3260 4968
351 398 392 459 50
763 410 775 450 1
795 399 835 463 17,
856 400 969 450 46-47

351 590 420 632 non
445 568 545 632 iteml
571 591 614 632 an
640 569 774 654 ingenia
800 581 927 649 natura,
957 570 1095 635 uirtutes
1122 582 1155 635 et
1181 570 1271 649 uitia,
1300 580 1438 654 quaelb

352 672 498 736 existunt
526 675 567 737 ab
593 672 747 758 ingeniis,
777 673 872 737 aliter
898 672 1153 738 iudicabuntur?
1180 695 1222 736 an
1251 695 1290 737 ea
1316 697 1384 738 non

351 775 454 855 aliter,
467 776 615 841 'honesta
637 786 670 840 et
692 776 800 860 turpia
819 799 887 840 non
902 777 944 839 ad
957 787 1110 841 naturam
1124 776 1238 841 referri
1253 799 1385 842 neeesse

352 879 433 948 en'ti
456 880 545 963 quod
565 879 730 943 laudabile
752 881 877 943 bonum
900 890 956 958 est,
974 880 1011 944 in
1025 903 1059 944 se
1073 881 1194 944 habeat
1208 881 1297 963 quod
1311 881 1385 944 lau-

320 983 448 1046 edetur
469 1005 602 1046 neeesse
624 993 686 1061 est;
710 983 820 1066 ipsum
842 983 932 1046 enim
953 986 1078 1048 bonum
1099 1005 1168 1047 non
1190 993 1239 1047 eet
1255 983 1385 1068 opinio-

351 1086 457 1166 nibus,
482 1087 540 1150 sed
561 1097 687 1150 natura.
711 1108 797 1165 nam,
821 1087 857 1149 ni
878 1086 926 1149 iu
948 1098 1039 1165 esset,
1062 1086 1151 1150 beati
1168 1109 1298 1171 quoque
1314 1088 1385 1171 opi-

351 1190 451 1254 nione
473 1201 589 1268 essent,
609 1210 673 1272 quo
689 1189 770 1273 quid
785 1190 851 1253 dici
864 1200 972 1273 potest
986 1190 1139 1253 stultius?
1154 1212 1219 1274 qua
1234 1212 1269 1253 re
1285 1212 1384 1274 quom

351 1303 384 1356 et
405 1295 530 1357 bonum
552 1303 585 1356 et
606 1291 731 1356 mulum
752 1303 871 1357 natura
892 1292 1057 1357 iudicetur
1080 1303 1112 1356 et
1134 1315 1172 1356 ea
1199 1293 1265 1356 sint
1291 1294 1385 1377 prin-

350 1395 437 1480 cipia
468 1407 620 1474 naturae,
650 1405 736 1458 certe
764 1395 902 1458 honesta
930 1417 1060 1479 quoque
1088 1406 1121 1459 et
1148 1395 1257 1480 turpia
1284 1397 1384 1460 sumh

307 1498 476 1588 aratione
502 1498 679 1562 iudicanda
706 1508 739 1561 et
765 1499 806 1561 ad
832 1509 985 1563 naturam
1012 1499 1182 1562 referenda
1211 1510 1297 1563 sunt.
1326 1500 1436 1563 sedl'l

349 1757 460 1827 genium
472 1755 578 1824 natura>
595 1753 783 1825 probabimus,
803 1752 914 1823 ingenia
930 1754 1063 1809 iuuenum
1079 1773 1135 1809 non
1152 1754 1236 1809 item?
1255 1774 1290 1809 an
1307 1755 1383 1826 inge-

348 1841 395 1896 nia
411 1848 523 1896 natura:
544 1841 572 1894 ln
589 1858 693 1894 enmmn
710 1839 753 1893 rel
767 1839 912 1906 nna'aeime,
930 1841 986 1895 niel
1001 1842 1072 1911 qnod
1089 1843 1122 1895 de
1139 1840 1317 1911 probabimus
1335 1844 1383 1897 nd·

348 1927 471 1981 dubitare
493 1927 568 1992 lieet,
588 1945 624 1979 nn
641 1945 695 1980 non
712 1930 782 1979 reale
793 1927 896 1998 jecnal
913 1945 944 1980 ea
960 1926 1093 1997 probauit
1109 1926 1172 1989 nol;
1192 1927 1223 1980 ld
1240 1929 1312 1996 qnod
1328 1947 1384 1982 eaae

343 2019 413 2083 pulo
431 2011 560 2082 probabit
575 2029 642 2076 noe,
662 2016 691 2064 nl
708 2017 750 2079 eal
764 2012 792 2065 in
810 2013 986 2068 deleriorabna
1003 2013 1149 2079 nonnullis,
1167 2012 1204 2064 nd
1221 2031 1301 2084 enque
1318 2013 1383 2066 reli-

347 2117 401 2170 qna
419 2099 506 2152 orello
524 2099 563 2152 aie
578 2098 823 2152 accommodabitur
834 2105 933 2152 natura
943 2097 1130 2167 (iudicabitur.
1144 2117 1179 2152 an
1191 2097 1313 2168 agricola
1325 2117 1386 2153 sur·

347 2183 404 2240 euli
422 2183 564 2254 ingenium
581 2184 694 2253 natural
717 2183 860 2255 probabit,
880 2202 931 2238 noe
948 2183 1059 2254 ingenie
1076 2185 1209 2238 iuuenum
1226 2203 1281 2238 non
1298 2183 1383 2239 item?

348 2290 398 2326 an:
418 2272 447 2324 in
460 2289 511 2340 qno
528 2288 580 2324 noe
599 2271 690 2326 Cicero
709 2272 741 2324 da
758 2290 786 2324 ee
803 2276 828 2324 el
841 2271 1014 2341 philosoplis
1031 2271 1088 2324 eine
1106 2270 1213 2324 omnino
1231 2271 1383 2324 bominibus

347 2358 487 2430 inlelliqll,
507 2361 538 2410 nl
553 2357 630 2411 Tuae.
644 2357 668 2421 3,
685 2358 725 2422 15,
740 2357 770 2407 31
791 2374 856 2426 ergo
874 2356 925 2410 hoe
937 2355 1082 2411 Terentius
1094 2375 1110 2410 a
1122 2354 1298 2426 philosophia
1312 2373 1384 2410 eum·

347 2453 424 2515 ptum
442 2461 504 2498 eum
520 2449 577 2496 tam
594 2441 735 2496 commode
753 2441 862 2509 dixerit,
882 2460 942 2508 noe,
963 2460 978 2496 e
996 2459 1113 2512 quorum
1127 2441 1252 2497 fontibus
1269 2441 1300 2495 id
1316 2442 1383 2496 hau-

348 2523 421 2584 ilum
434 2537 484 2595 eet,
499 2546 555 2583 non
567 2528 689 2583 dicemus
701 2526 814 2592 meliua;
829 2529 914 2582 Aead.
922 2546 967 2597 pr.
979 2531 1003 2592 2,
1014 2531 1038 2593 7,
1049 2531 1081 2580 20
1094 2545 1177 2597 quam
1188 2526 1275 2582 multa
1287 2527 1386 2582 uident

347 2615 477 2686 pictores,
491 2631 562 2685 quae
573 2631 624 2667 noe
636 2631 692 2667 non
703 2612 843 2678 uidemue;
858 2615 891 2667 de
903 2614 958 2666 din.
971 2616 993 2679 1,
1010 2616 1120 2680 51,115.
1135 2616 1167 2669 de
1182 2615 1383 2683 comparatione

348 2704 419 2772 conf.
443 2701 584 2755 Platonem
609 2700 744 2768 Enlypbr.
765 2718 796 2769 p.
817 2701 832 2752 2
851 2700 870 2752 d
894 2698 977 2770 ὀρθῶς
1000 2701 1048 2771 γάρ
1073 2701 1125 2754 ἐστι
1147 2707 1199 2752 τῶν
1223 2701 1288 2753 νέων
1312 2709 1382 2769 πρῶ·

347 2805 390 2840 τον
404 2782 600 2857 ἐπιμεληθῆναι,
621 2784 691 2844 ὅπως
710 2785 810 2838 ἔσονται
828 2785 866 2838 ὅτι
878 2785 982 2856 ἄριστοι,
999 2787 1082 2856 ὥσπερ
1095 2787 1206 2858 γεωργὸν
1219 2785 1317 2856 ἀγαθὸν
1329 2793 1380 2838 τῶν

345 2889 410 2942 νέων
431 2896 516 2960 φυτῶν
535 2888 603 2948 εἰκὸς
621 2897 722 2958 πρῶτον
741 2887 949 2972 ἐπιμεληθῆναι]
1057 2891 1067 2940 l
1089 2863 1337 2959 umutealeduieia
1354 2891 1382 2944 B

345 2961 484 3046 uirtuiell
502 3008 574 3046 ulma
588 2991 626 3058 (el
639 2992 669 3046 ln
687 3009 785 3046 raenra
803 2997 827 3045 el
844 3008 858 3046 e
875 3009 937 3045 corr
954 2991 984 3046 ln
1000 2995 1023 3058 τ)
1036 2994 1065 3044 A
1151 3008 1204 3062 que
1217 3010 1278 3046 corr
1289 3009 1343 3072 que
1353 2994 1382 3047 B

414 3093 583 3150 uirtuueled
594 3068 739 3167 umaql⁹H
816 3061 880 3165 lad
891 3098 920 3152 B
999 3068 1108 3164 ingenis
1119 3098 1147 3148 A
1228 3096 1244 3146 3
1262 3098 1317 3165 qua
1332 3094 1382 3148 ho-

345 3199 425 3254 nesta
442 3199 488 3254 aed
503 3201 558 3269 qui
575 3198 654 3252 initio
671 3217 764 3253 nerana
782 3219 799 3253 a
817 3217 879 3252 eorr
894 3195 949 3252 add
964 3201 992 3251 A
1009 3172 1165 3280 liddelaall
1182 3197 1298 3252 honesta
1316 3198 1382 3264 (aine

345 3314 433 3382 quam)
452 3311 488 3365 H
588 3328 636 3364 *ea
653 3314 681 3364 A
784 3285 868 3364 refe'n
886 3313 914 3364 A
1024 3313 1041 3363 4
1057 3286 1164 3365 honuni
1178 3313 1206 3363 A
1314 3307 1380 3376 [lau-

345 3396 437 3451 dabile
456 3403 510 3461 est,
529 3396 632 3454 bonum
650 3397 679 3451 in
697 3415 756 3452 enm
772 3396 881 3450 Klolzlo
901 3396 1031 3451 Halmius
1048 3402 1073 3450 el
1090 3397 1231 3463 Ballerna,
1250 3415 1300 3466 qno
1319 3413 1380 3448 eor-

344 3482 480 3552 rnmpilnr
500 3481 590 3552 plana
613 3483 759 3547 sententia,
782 3487 955 3553 opponuntur
973 3483 1043 3536 enlm
1065 3480 1206 3538 laudabile
1229 3483 1332 3537 bonum
1355 3486 1382 3535 el

343 3568 436 3638 ipsum
452 3567 568 3632 bonum;
588 3585 670 3638 neque
687 3569 829 3638 quiequam
846 3568 892 3622 elli
907 3569 1058 3639 eereblnrae
1069 3574 1152 3642 sanet
1166 3571 1238 3640 quod
1255 3575 1270 3620 ἐ
1288 3585 1378 3639 anper·

343 3672 473 3742 scriplum
490 3676 528 3725 eal
546 3671 574 3723 ln
586 3673 621 3736 A]
723 3646 803 3725 habdz
818 3673 852 3726 Η
958 3671 1090 3726 laudetur
1109 3675 1165 3738 (tur
1183 3672 1212 3727 ln
1229 3675 1333 3736 rasura)
1348 3673 1385 3726 H

447 3759 462 3808 5
481 3756 644 3839 opp1momb3
662 3759 690 3812 B
787 3761 809 3832 ,6
828 3757 919 3826 esseda
936 3761 964 3812 A
982 3757 1025 3812 εἶτ
1042 3760 1089 3813 aad
1104 3777 1121 3811 τ
1138 3759 1167 3812 in
1185 3777 1231 3812 raa
1250 3758 1286 3813 Η

344 3862 525 3932 opp1moneB
607 3862 683 3930 lquo
696 3825 811 3931 quildiei
820 3862 847 3915 B
859 3861 934 3930 quod
946 3860 1048 3931 qu1d1e1
1057 3863 1093 3915 H
1164 3863 1281 3931 quomA
1292 3834 1338 3944 lilii
1350 3862 1378 3914 B

344 3965 405 4002 eum
425 3948 460 4001 Η
564 3946 580 3996 8
600 3963 635 3998 ut
652 3961 683 3998 ea
703 3945 740 3997 H
839 3948 876 3998 40
895 3946 1075 4002 *nudieanda
1094 3947 1162 4018 [full
1179 3947 1259 4001 mmd
1275 3948 1319 4001 nel
1336 3964 1379 4000 1u·

342 4033 402 4100 lud)
422 4035 450 4087 B
472 4030 648 4086 diiudicanda
670 4033 717 4086 aad
739 4030 798 4085 d1e
816 4050 877 4086 corr
893 4035 921 4085 A
944 4031 1120 4089 dnudieanda
1139 4034 1175 4086 H
1178 4054 1184 4098 ;
1205 4039 1319 4104 apparel
1336 4032 1377 4086 di-

342 4118 491 4174 iudicanda
508 4137 562 4172 non
573 4117 667 4187 sniaee
679 4115 852 4187 primillnam
870 4119 1042 4188 amplarum,
1061 4119 1151 4190 ltaque
1166 4118 1313 4174 iudicanda
1325 4136 1379 4189 po-

342 4206 394 4270 eni,
414 4209 445 4259 nl
462 4210 501 4259 ael
517 4206 571 4260 n.8
681 4221 783 4258 natura
801 4223 862 4259 corr
879 4211 911 4258 ri
928 4208 956 4259 B
1072 4204 1219 4260 referenda
1236 4209 1264 4258 A
