3260 4968
361 389 402 453 36
817 399 840 438 n
858 387 883 449 o,
906 385 938 436 ιι

425 560 577 624 Msacvs.
616 559 720 638 Certe,
753 558 781 622 si
810 558 907 621 modo
936 565 1088 640 acceptae
1111 577 1130 617 a
1151 555 1280 618 duobus
1302 556 1396 620 uobis

362 673 467 727 erunt.
497 661 563 742 sed,
595 671 633 725 ut
662 661 715 725 uir
741 661 947 725 doctissimus
968 659 1047 724 fecit
1068 658 1164 722 Plato
1186 668 1284 741 atque
1306 659 1396 723 idem

362 765 574 852 grauissimus
603 765 873 850 philosophorum
903 763 1059 841 omnium,
1091 761 1150 845 qui
1178 761 1331 846 princeps
1354 763 1395 827 de

363 892 397 933 re
425 869 560 953 publica
588 868 781 952 conscripsit
809 868 963 950 idemque
992 865 1167 950 separatim
1197 866 1237 929 de
1267 865 1396 950 legibus

333 972 443 1052 seius,
475 972 510 1035 id
538 972 621 1035 mihi
651 972 748 1036 credo
775 993 845 1035 esse
872 969 1075 1048 faciundum,
1105 979 1151 1047 ut,
1182 969 1396 1054 priusquam

362 1075 467 1159 ipsam
489 1075 596 1160 legem
617 1075 761 1154 recitem,
787 1075 828 1139 de
851 1074 922 1138 eius
943 1073 1025 1158 legis
1046 1073 1144 1137 laude
1160 1071 1283 1150 ‹licam;
1308 1072 1396 1155 quod

361 1178 450 1243 idem
479 1188 512 1242 et
533 1178 712 1241 Zaleucum
741 1189 775 1242 et
796 1177 1006 1243 Charondam
1027 1176 1143 1240 fecisse
1165 1175 1271 1254 uideo,
1297 1195 1397 1258 quom

363 1280 496 1365 quidem
518 1280 568 1342 illi
590 1301 658 1343 non
681 1281 782 1344 studii
805 1292 838 1344 et
860 1279 1085 1345 delectationis
1107 1279 1165 1343 sed
1179 1278 1227 1342 rei
1241 1279 1396 1362 publicae

362 1405 461 1447 causa
488 1383 577 1468 leges
606 1383 796 1447 ciuitatibus
818 1383 884 1447 suis
906 1383 1119 1467 scripserunt:
1145 1403 1225 1465 quos
1248 1382 1396 1446 imitatus

319 1509 344 1553 to
361 1487 456 1550 Plato
480 1486 635 1549 uidelicet
657 1485 719 1549 hos
743 1508 873 1571 quoque
895 1486 976 1571 legis
998 1487 1131 1570 putauit
1152 1507 1229 1564 esse,
1261 1507 1396 1568 persua-

363 1590 439 1654 dere
461 1588 594 1674 aliquid,
619 1610 687 1652 non
710 1589 821 1653 omnia
842 1589 878 1653 ui
900 1611 938 1652 ac
960 1589 1059 1653 minis
1083 1609 1207 1674 cogere.

363 1797 375 1848 1
396 1812 473 1850 certe
497 1798 525 1861 (e
542 1795 638 1849 altimo
655 1795 685 1850 in
702 1798 816 1860 rasura)
837 1793 977 1850 Acerris·
998 1798 1035 1850 H
1144 1795 1318 1866 acceplrasea
1342 1799 1397 1861 (ee

361 1900 430 1947 corr,
444 1882 509 1952 suit
526 1885 557 1934 ut
573 1881 682 1935 uidetur
698 1899 746 1937 rae
764 1885 788 1950 a)
807 1884 844 1936 H
955 1883 970 1933 3
989 1877 1168 1952 grauissimus
1184 1878 1289 1950 (grauis
1304 1880 1334 1935 in
1350 1899 1398 1934 ra-

361 1970 438 2034 sura)
458 1968 486 2021 A
607 1965 840 2038 phylosophorum
857 1969 886 2022 B
1007 1984 1130 2071 ommusm
1145 1983 1196 2042 qur
1218 1971 1349 2020 mutatum
1367 1967 1396 2020 in

360 2122 482 2158 ommum
493 2122 548 2174 qua
560 2106 617 2159 AB
629 2121 677 2174 qur
690 2104 791 2169 (mns'sso
803 2105 932 2171 omnium)
946 2107 983 2160 Π
1058 2107 1075 2156 4
1087 2078 1252 2174 ἕριιῐοιιρίιτ
1264 2105 1311 2169 (ss'c
1321 2107 1368 2159 secl
1379 2067 1397 2176 fl

360 2191 505 2256 inductam)
519 2192 556 2245 H
647 2187 835 2261 seperarrmB
919 2189 1031 2260 legibus
1046 2189 1107 2254 sous
1122 2193 1152 2245 in
1168 2195 1277 2256 rasura)
1290 2193 1319 2246 B

360 2281 376 2330 5
394 2277 469 2332 idem
487 2276 618 2332 Halmius
636 2279 694 2332 coll.
713 2278 746 2330 de
762 2279 809 2348 ⁰ff·
826 2279 850 2341 1,
868 2278 891 2340 1,
908 2278 937 2341 ¹3
958 2276 1024 2332 item
1042 2277 1192 2332 Lambinus
1296 2273 1397 2332 sceren-

361 2381 427 2435 dum
444 2384 481 2436 Η
581 2383 597 2434 6
616 2345 676 2458 {gil
689 2379 761 2450 legis
776 2382 805 2433 B
823 2377 884 2434 erus
897 2378 970 2450 legis
986 2384 1014 2434 A
1031 2382 1080 2435 sed
1096 2399 1127 2435 ru
1144 2399 1214 2445 corr,
1233 2385 1265 2434 ut
1276 2381 1397 2451 potuerit

361 2483 421 2555 egis
429 2486 534 2556 flasse:
560 2500 589 2554 ej
605 2482 668 2566 lege
684 2470 768 2538 laude
781 2485 853 2556 (soit
868 2482 960 2551 laudi)
979 2487 1020 2549 Η,
1040 2484 1067 2537 h.
1082 2484 1207 2539 asarela
1224 2502 1256 2538 ec
1273 2484 1396 2554 hisquae

355 2581 410 2658 per
427 2606 543 2642 errorem
563 2589 654 2658 primo
676 2587 821 2658 scripserat
838 2586 873 2640 de
891 2585 950 2640 eius
967 2584 1030 2656 lage
1046 2585 1159 2640 laudem
1176 2585 1265 2641 dicam
1282 2605 1330 2641 srso
1347 2605 1396 2640 or-

360 2673 441 2727 oacrio
459 2675 548 2744 effecit
568 2673 602 2726 de
627 2672 687 2727 eius
710 2670 793 2725 laude
812 2671 915 2738 dicam,
936 2674 973 2726 ari
988 2679 1100 2725 mentem
1118 2672 1241 2737 Halmii,
1260 2671 1308 2743 qui
1323 2670 1395 2742 legis

360 2759 421 2812 tolli
437 2759 524 2822 iussit,
544 2777 599 2813 non
615 2764 693 2822 recte,
713 2777 761 2812 nec
779 2758 973 2828 obtemperauit
991 2760 1133 2812 Balteus:
1152 2761 1245 2829 confer
1260 2763 1285 2823 2,
1300 2760 1343 2823 23,
1357 2761 1391 2812 58

360 2861 423 2899 cum
439 2842 542 2898 lamina
559 2849 632 2898 esset
648 2843 762 2898 inuenta
779 2850 807 2897 et
823 2843 851 2898 in
871 2861 904 2897 ea
921 2843 1054 2915 scriptum
1076 2843 1190 2909 lamina,
1209 2845 1257 2899 uli
1276 2864 1317 2898 me
1335 2845 1397 2916 qui·

359 2932 418 2985 dem
437 2941 545 2983 erectore
563 2933 610 2984 sed
622 2948 710 3000 prosse
727 2931 840 2983 alteram
859 2928 962 2983 lamina
979 2931 1117 2984 inducitur
1123 2951 1132 2994 ,·
1148 2949 1198 3000 pro
1213 2931 1288 2987 Mur.
1306 2933 1346 2997 14,
1362 2933 1393 2984 31

360 3015 404 3070 sin
426 3016 494 3070 haec
517 3015 591 3070 bella
613 3014 778 3086 grauissima
800 3015 990 3086 uictoriaeque
1007 3033 1102 3070 eorum
1118 3015 1254 3072 bellorum
1271 3017 1396 3087 gratissi·

358 3119 419 3156 mae
436 3100 562 3170 fuerunt;
578 3121 632 3171 pro
650 3103 713 3156 Mil.
727 3104 769 3167 27,
785 3105 818 3155 74
836 3119 898 3156 cum
915 3119 971 3156 non
987 3101 1174 3172 impetrasset,
1193 3110 1226 3156 ut
1243 3103 1298 3159 sibi
1320 3104 1395 3160 insu-

357 3187 413 3243 lam
430 3187 460 3242 in
476 3187 538 3243 lacu
550 3186 639 3243 Prilio
656 3187 799 3253 uenderet,
813 3194 926 3258 repente
937 3187 966 3241 in
978 3206 1038 3242 eam
1049 3187 1168 3242 insulam
1179 3190 1320 3245 materiem
1332 3209 1395 3246 con-

358 3274 449 3339 uexit;
468 3276 547 3329 Taso.
563 3276 634 3346 disp.
649 3278 674 3340 5,
689 3277 732 3339 20,
747 3277 780 3327 59
793 3292 856 3328 curn
872 3273 976 3327 fossam
991 3271 1077 3328 latam
1094 3273 1245 3330 cubiculari
1257 3275 1330 3330 lecto
1342 3275 1394 3331 cir·

359 3360 546 3414 cumdedisset
563 3360 676 3433 eiusque
693 3361 786 3415 fossas
796 3359 944 3414 transitum
956 3358 1160 3424 coniunxisset;
1175 3361 1268 3433 defin.
1284 3363 1308 3427 ³,
1323 3365 1395 3427 5,16

358 3445 395 3498 ad
413 3463 493 3500 suum
511 3453 614 3501 statum
631 3463 730 3517 eaque,
751 3464 822 3517 quae
839 3444 1033 3546 conseruantip
1051 3452 1116 3500 sunt
1133 3445 1193 3501 eius
1211 3454 1312 3512 status,
1333 3447 1394 3502 dili·

359 3549 458 3618 genda,
472 3551 559 3602 multa
571 3549 628 3604 alic
704 3553 719 3602 7
732 3551 757 3604 8ι
770 3549 912 3604 zaleucum
923 3551 980 3604 AB
993 3521 1034 3602 {lt
1046 3551 1082 3616 (l.
1095 3569 1115 3603 e.
1133 3548 1175 3604 eir
1186 3569 1248 3605 corr
1259 3553 1288 3605 io
1301 3557 1393 3618 mam)

358 3651 502 3708 zaleucum
518 3655 567 3713 H,-
590 3655 627 3721 εἰ.
643 3654 675 3706 cle
692 3659 750 3707 nat.
770 3651 843 3708 deor.¹
859 3653 884 3718 3,
899 3653 924 3717 3,
939 3654 954 3705 8
971 3651 1024 3707 hoc
1041 3651 1115 3706 idem
1133 3660 1161 3707 et
1177 3651 1335 3726 philosophi
1353 3654 1394 3708 fa·

358 3738 435 3792 ciunt
453 3745 481 3792 et
498 3756 550 3808 ego
567 3746 600 3792 ut
615 3737 695 3809 potui
712 3737 767 3792 ieci
785 3738 927 3803 (Halmius
944 3739 1056 3804 marist)
1179 3738 1348 3809 charonprda
1365 3741 1394 3794 A

357 3823 564 3894 chalropnrdam
586 3827 623 3879 Η
641 3823 795 3879 carnoruda
823 3843 884 3878 corr
905 3825 935 3879 in
958 3824 1121 3879 carronmdi
1139 3826 1168 3879 B
1191 3825 1256 3891 (sic)

357 3934 412 4000 quo
432 3930 460 3982 A
479 3911 525 3998 qln
548 3928 587 3992 (Ιι.
605 3947 626 3982 e.
645 3926 786 3998 quoniam)
809 3930 837 3983 B
856 3929 918 3993 (sic)
943 3915 1004 3982 otim
1022 3931 1059 3983 Η
1188 3931 1203 3981 8
1221 3927 1333 3998 quidam
1351 3932 1390 3990 Η,

356 4033 417 4068 corr
433 4013 545 4085 qurdem
563 4015 591 4068 B
612 4013 695 4084 quide
717 4015 764 4068 sed
781 4019 796 4066 e
814 4034 827 4066 e
844 4031 904 4066 cors
925 4016 952 4068 A
1115 4011 1314 4069 dilectationes
1336 4034 1395 4068 corr

356 4097 550 4155 dilcctauonrl'
567 4102 595 4152 A
725 4102 741 4152 9
764 4097 925 4170 scripserint
942 4099 978 4154 R.
995 4101 1147 4170 Stephanus
1271 4103 1302 4154 10
1324 4099 1397 4171 legis

356 4204 472 4258 puraurr
490 4185 519 4239 οἵ
537 4202 587 4256 per
603 4185 634 4239 s'n
650 4203 750 4240 rasura
768 4188 797 4240 A
866 4199 870 4238 ξ
932 4187 961 4238 11
987 4205 1017 4240 ur
1040 4187 1070 4240 irs
1086 4204 1134 4241 ros
1151 4205 1213 4242 corr
1230 4190 1267 4242 Η
