3260 4968
639 427 711 489 122,
733 427 850 476 57—58
1221 428 1262 492 63

227 597 345 681 pimus,
370 618 470 681 quom
491 597 682 681 praesertim
704 597 746 660 ad
767 597 802 660 id
824 597 909 660 nihil
930 598 1094 682 pertineat
1115 599 1197 663 haec
1220 599 1260 663 de

229 721 356 764 summo
378 700 637 784 malo'bonoque
660 700 827 764 dissensio.

291 804 443 867 Mauors,
473 802 739 883 Prudentissime,
759 803 892 882 Quinte,
914 803 1009 882 dieis3
1034 826 1112 868 nam
1134 826 1217 888 quae
1240 827 1259 867 a

228 928 280 969 me
303 907 411 970 adhuc
433 907 653 972 dictasunt*
678 934 696 972 a

229 1036 289 1074 aa
321 1022 354 1074 te
383 1011 528 1096 Lycurgi
556 1011 644 1097 leges
675 1033 783 1095 neque
813 1010 941 1074 Solonis
970 1033 1078 1094 neque
1112 1009 1261 1075 Charon·
1291 1032 1304 1072 a

228 1115 288 1177 dae
316 1135 423 1197 neque
450 1113 583 1177 Zaleuci
608 1136 670 1178 nec
698 1124 823 1177 nostras
850 1113 1024 1176 duodecim
1051 1115 1178 1177 tabulas
1199 1135 1261 1177 nec

227 1216 399 1301 plebiscita
426 1216 580 1295 desidero,
612 1218 669 1280 sed
696 1228 728 1280 tc
758 1206 906 1280 eristimo
934 1237 1012 1280 cum
1037 1217 1167 1301 populis
1190 1228 1262 1280 tum

229 1319 328 1383 etiam
354 1318 492 1404 singulis
518 1319 677 1384 hodierno
700 1339 848 1383 sermone
870 1319 958 1404 leges
980 1319 1119 1383 uiuendi
1142 1330 1174 1384 et
1196 1321 1262 1384 dis-

228 1423 386 1508 ciplinam
409 1423 572 1486 daturum.

178 1539 217 1595 58
293 1527 444 1590 Mnacvs.
475 1529 535 1592 Est
556 1528 655 1591 huius
678 1548 757 1590 uero
779 1525 1017 1610 disputationis,
1036 1526 1169 1606 Quinte,
1186 1548 1262 1610 pro·
1281 1546 1304 1587 ro

232 1769 243 1817 1
264 1783 336 1836 nunc
354 1765 392 1836 qd
408 1764 569 1837 praefatum
581 1769 609 1822 B
628 1767 702 1837 {assa
717 1764 792 1836 quod
808 1763 930 1836 pieriis*
948 1768 977 1818 A
994 1764 1133 1835 nontquod
1152 1761 1263 1833 friemm

230 1869 400 1924 nuntiam
412 1886 497 1939 quum
514 1871 566 1933 (aa
582 1873 650 1935 eum)
669 1868 830 1940 praesertim
846 1869 977 1972 gatraua
1063 1869 1099 1924 aa
1115 1832 1146 1935 ii,
1164 1869 1215 1933 (aa
1231 1868 1268 1921 Η

331 1971 420 2043 nyshrl
439 1972 511 2042 (suit
528 1971 616 2038 mrhrl)
636 1975 664 2025 A
768 1969 861 2026 desum
878 1975 906 2025 A
1006 1974 1098 2043 3n5q3
1118 1989 1179 2025 corr
1195 1976 1262 2042 nuo

229 2077 257 2130 B
274 2048 412 2147 namqi⁹11
510 2077 526 2126 4
545 2074 637 2129 dicata
655 2073 721 2128 funt
736 2049 770 2128 ici
786 2073 933 2144 lucurgrA
952 2075 1028 2130 dress
1047 2047 1263 2153 sunriiiueurgr

228 2179 257 2232 B
269 2177 344 2231 thera
355 2176 429 2231 sunt·
443 2196 500 2250 neq;
513 2165 622 2248 lircurgr
630 2180 671 2239 H,-
684 2179 785 2232 retiuui
795 2197 855 2232 cum
865 2179 987 2232 Turuebo
998 2179 1167 2249 primitiaram
1177 2179 1263 2250 serry·

228 2270 331 2330 turum,
352 2282 412 2317 eum
432 2265 547 2319 editores
564 2267 629 2334 sera
647 2269 794 2318 correctam
812 2265 933 2334 cuipteci
949 2267 1020 2319 siut:
1039 2266 1087 2318 sed
1104 2265 1180 2326 ittam
1199 2265 1262 2318 tice·

228 2352 273 2404 but
289 2351 332 2404 uel
350 2350 388 2404 sie
406 2351 525 2404 orationi
541 2351 739 2404 accommodare
757 2350 854 2420 (neque
869 2367 936 2404 uero
952 2366 1002 2419 ego
1015 2350 1039 2419 a)
1051 2357 1079 2404 ta
1092 2349 1213 2420 Lycurgi
1224 2348 1264 2403 le-

230 2454 297 2507 ges.
316 2479 321 2490 .
336 2435 463 2491 desidero
483 2439 527 2508 (ef.
544 2439 574 2490 de
582 2439 639 2506 fia.
652 2439 676 2501 5,
692 2439 716 2500 5,
734 2437 764 2487 13
776 2453 847 2506 quae
863 2434 1035 2490 desideratur
1052 2453 1069 2489 a
1085 2453 1184 2506 magno
1202 2435 1264 2506 phi-

228 2521 358 2593 losopho;
379 2524 411 2576 de
429 2540 485 2594 rep.
503 2525 528 2587 3,
543 2525 568 2588 8,
586 2525 634 2587 12).
652 2525 772 2588 [ceterum
791 2527 904 2592 apparet
922 2522 1017 2576 Marci
1033 2524 1180 2576 orationem
1189 2525 1261 2594 fine,

229 2609 310 2663 initio
329 2615 416 2663 eutem
428 2609 525 2671 Quinti
535 2613 688 2662 truncatam
706 2626 769 2674 esse,
784 2626 832 2662 uec
845 2613 976 2680 putaram
987 2627 1028 2662 me
1041 2627 1197 2679 quemquam
1209 2610 1264 2663 eai-

229 2695 408 2760 timueram,
424 2697 485 2765 quio
502 2695 598 2756 Quinti
612 2712 707 2749 uomeu
725 2694 755 2747 iu
772 2695 858 2749 medio
876 2694 977 2748 scilieet
995 2695 1137 2749 interstitio
1148 2713 1202 2749 nou
1208 2712 1261 2764 po·

228 2781 279 2844 sui,
294 2782 360 2834 haec
371 2781 420 2834 uui
431 2782 529 2834 Murco
540 2781 706 2846 adscriberet.
726 2781 911 2852 supptemeutu
923 2798 1032 2835 mancae
1044 2781 1183 2845 orationis,
1198 2800 1265 2852 quae

232 2865 371 2920 Turnebus
389 2868 529 2936 eodemque
546 2867 695 2921 Lambinus
715 2867 828 2932 tabent,
849 2867 931 2920 uiditi
951 2871 1029 2920 suat:
1048 2868 1156 2921 uidetur
1177 2872 1264 2921 autem

229 2953 343 3006 Marcus
355 2953 454 3006 dixisse
465 2970 535 3022 quae
548 2971 564 3006 a
575 2970 618 3006 ma
636 2951 726 3007 adhue
745 2953 818 3007 dicta
835 2960 900 3006 sunt
908 2971 999 3023 parua
1012 2970 1081 3023 pars
1099 2959 1137 3007 est
1154 2952 1264 3008 iustitu-

157 3105 160 3114 .
229 3043 280 3092 tue'
291 3039 493 3109 disputationis,
513 3039 540 3092 si
557 3039 661 3109 quidem
680 3039 758 3094 uobis
775 3044 837 3093 suut
853 3044 890 3104 [ut
901 3040 940 3093 ait
955 3041 977 3104 l,
994 3042 1018 3104 5,
1036 3041 1074 3104 17)
1090 3038 1264 3093 consideran·

229 3122 281 3177 dae
292 3121 377 3192 leges,
391 3123 492 3193 quibus
504 3124 631 3179 ciuitates
643 3125 703 3194 regi
721 3124 847 3190 debeant,
867 3131 926 3178 tum
943 3124 1010 3178 haec
1028 3123 1179 3189 tractanda,
1194 3140 1264 3192 quae

229 3209 371 3280 conposita
388 3217 453 3263 suut
471 3217 498 3264 et
516 3210 653 3281 descripta
670 3211 732 3265 iura
751 3219 779 3265 et
795 3211 871 3264 iussa
888 3209 1062 3281 populorum,
1077 3209 1217 3280 inquibus
1229 3226 1264 3262 ne

228 3295 317 3350 nostri
329 3295 440 3366 quidam
452 3295 548 3367 populi
558 3295 685 3351 latebunt
697 3314 767 3367 quac
779 3304 914 3351 uocantur
926 3297 988 3350 iura
1000 3294 1107 3360 ciuilia;
1123 3296 1166 3348 eui
1180 3295 1263 3356 Quiu-

231 3386 275 3434 tus
286 3382 379 3436 obiicit
391 3401 418 3436 se
429 3401 512 3453 aeque
525 3383 647 3454 Lycuryi
663 3385 733 3453 layas
751 3389 776 3437 et
792 3385 895 3453 relique
911 3384 959 3436 sed
975 3381 1053 3436 aliud
1069 3386 1093 3435 et
1105 3381 1219 3451 qruuius
1231 3382 1263 3435 ab

230 3486 259 3520 eo
278 3469 441 3523 desiderare.
539 3471 554 3520 5
573 3468 720 3538 chotronda
739 3470 776 3523 H
860 3473 875 3523 6
894 3467 1004 3522 Zaleuci
1022 3467 1151 3522 editiones
1163 3465 1264 3521 [eleum

231 3571 326 3624 ΑΒΗ
418 3545 672 3640 ddodeormtubdlas
681 3576 706 3626 A
721 3572 772 3637 (sic)
876 3575 926 3651 ”fi
945 3570 1089 3626 duodecim
1106 3569 1220 3624 rabulae
1234 3572 1270 3625 H

305 3676 320 3724 t
337 3639 482 3744 plebisoua
495 3680 522 3728 A
533 3673 703 3746 plebrstsona
716 3677 752 3729 H
828 3675 963 3742 desidero]
980 3673 1115 3729 drsieirur
1128 3677 1165 3729 H
1173 3677 1266 3744 (super

230 3777 259 3813 rt
270 3761 341 3829 quod
348 3759 470 3831 positum
488 3769 526 3815 est
544 3762 692 3828 obscurum,
706 3763 753 3816 sed
770 3761 876 3816 uidetur
888 3759 1059 3815 drsseruntur
1069 3761 1176 3831 fuisse:
1196 3766 1265 3815 cute

230 3864 263 3899 us
280 3845 324 3899 aa
341 3847 448 3916 quidem
466 3849 644 3902 attendentem
655 3851 756 3920 suyere
772 3853 859 3919 potest
871 3847 937 3918 quid
949 3848 1099 3901 Heiusiuuo
1117 3847 1264 3917 intemetu-

229 3933 284 3986 tori
300 3933 422 3986 libuerit:
441 3950 512 4003 quae
530 3951 546 3987 a
563 3951 606 3986 me
625 3932 715 3987 adhue
733 3933 807 3988 dicta
822 3941 895 3998 sunt,
911 3950 999 4003 neque
1011 3933 1132 4003 Lycurgi
1148 3932 1224 4002 lagae
1236 3975 1262 3986 ..

228 4034 279 4072 nec
298 4025 408 4072 nostrae
426 4017 571 4074 duodecim
588 4017 700 4074 tabulae
720 4062 748 4074 ..
769 4019 954 4084 disseruntur)
1076 4018 1217 4072 exarinmo
1236 4021 1263 4072 A

318 4095 390 4174 iiam
409 4123 460 4187 (sic)
481 4123 518 4176 H
610 4125 742 4177 8&1sm
760 4141 821 4177 corr
839 4140 923 4177 enam
937 4123 973 4176 H
1064 4120 1136 4192 legis
1150 4125 1178 4175 A
1194 4119 1267 4220 leffff

228 4242 289 4278 corr
303 4222 332 4278 es
342 4226 370 4279 B
381 4222 458 4295 leges
470 4225 506 4278 H
602 4229 632 4279 10
651 4212 717 4280 ueri
736 4245 798 4280 corr
815 4244 881 4281 uero
894 4229 922 4279 A
1020 4243 1134 4296 qurnsre
1146 4227 1173 4278 A
1185 4209 1265 4302 qmie
