3250 4974
355 422 404 465 Xfl
655 414 817 454 PRAEFATIO
834 414 932 454 Novus
950 415 1096 456 nnlrrouts

356 573 491 660 guantia
513 573 653 637 scribere
675 575 819 658 potuisse
835 596 912 637 cum
927 576 1161 639 obtrectatione
1177 576 1292 640 aliena.
1309 600 1386 640 nam

356 695 443 779 quod
465 717 517 758 me
540 715 611 757 raro
634 694 810 758 Heinsieni
833 695 952 758 codicis
974 695 1176 760 mentionem
1198 696 1311 760 fecisse
1333 697 1386 760 in-

354 816 494 894 simulat,
520 837 584 898 quo
606 814 677 878 iure
699 813 948 892 insimulauerit,
973 817 1028 879 uel
1050 838 1140 879 nuno
1156 817 1213 900 qui
1235 818 1324 881 uolet
1344 841 1386 881 ex

353 936 416 998 hac
438 957 525 999 noua
550 935 692 999 editione
715 935 804 998 facili
826 947 923 1019 opera
944 957 1138 1021 cognoscere
1160 946 1280 1022 potest,
1301 961 1384 1022 quae

354 1057 443 1119 enim
473 1055 566 1134 olim,
591 1056 631 1119 iis
659 1055 839 1119 rationibus
867 1055 986 1120 ductus
1013 1077 1092 1139 quas
1117 1057 1154 1120 in
1182 1058 1385 1141 praefatione

355 1179 394 1261 (p.
412 1179 455 1260 rr)
473 1176 627 1254 dixeram,
645 1176 765 1240 selecta
786 1197 828 1238 ex
848 1175 911 1239 hoc
935 1175 1045 1240 codice
1063 1177 1234 1241 Heiusioui
1250 1180 1385 1243 nomine

353 1297 535 1376 attuleram,
560 1296 683 1359 intacta
705 1295 831 1380 reliqui,
856 1297 974 1361 additis
997 1296 1092 1360 nouis
1107 1299 1150 1360 H
1160 1297 1304 1364 litteram
1325 1321 1384 1384 ap-

353 1417 462 1502 pinxi,
488 1416 670 1481 differentia
696 1416 832 1480 notandi
855 1438 931 1479 cum
953 1437 1025 1479 meo
1049 1418 1190 1500 quodam
1214 1421 1383 1484 commodo

353 1537 499 1617 admissa,
517 1537 683 1602 utentium
705 1547 816 1600 autem
830 1536 946 1621 opinor
961 1536 1167 1600 incommodo
1182 1540 1283 1618 nullo,
1302 1562 1384 1623 quo-

352 1659 442 1722 niam
464 1679 555 1721 nuno
577 1658 664 1721 idem
687 1657 726 1720 de
741 1657 924 1722 Heinriano
947 1657 1030 1720 libro
1052 1659 1139 1740 quod
1162 1659 1202 1722 de
1217 1660 1382 1724 Vossianis

353 1779 462 1842 ualere
478 1779 562 1857 uolo,
580 1789 618 1841 ut
632 1777 737 1841 sicubi
759 1777 843 1840 nihil
866 1778 906 1841 de
929 1799 967 1840 eo
990 1788 1145 1842 testatum
1161 1779 1288 1864 legatur
1304 1803 1383 1844 con-

352 1899 473 1983 spirare
497 1920 573 1963 cum
595 1908 688 1962 textu
711 1897 923 1961 existimetur.
941 1919 1039 1981 quam
1061 1900 1241 1984 scripturae
1261 1901 1383 1965 discre-

351 2020 498 2104 pantiam
510 2019 567 2103 qui
578 2018 735 2083 attentius
747 2017 956 2101 perspexerit,
968 2018 1137 2103 intelliget,
1151 2042 1213 2083 neo
1225 2042 1296 2085 raro
1312 2021 1384 2086 eius

353 2141 555 2204 mentionem
576 2139 696 2202 factam
719 2148 752 2202 et
774 2138 833 2201 uix
855 2160 874 2200 a
896 2160 948 2202 me
971 2139 1147 2222 quicquam
1175 2140 1268 2220 olim,
1295 2143 1382 2225 quod

351 2260 485 2345 quidem
513 2259 625 2323 afferre
654 2257 761 2343 potui,
787 2259 874 2341 quod
899 2258 975 2322 usui
997 2270 1093 2336 esset,
1117 2262 1382 2343 praetermissum

351 2404 434 2460 esse,
459 2403 549 2444 nunc
579 2379 750 2444 inutilium
771 2378 857 2442 mole
879 2379 1115 2462 scripturarum
1137 2381 1381 2446 adnotatIonem

349 2501 527 2587 spissatum,
545 2500 663 2584 quibus
685 2499 769 2562 nihil
794 2498 943 2578 efficitur,
960 2499 1024 2562 nisi
1039 2500 1127 2583 quod
1149 2499 1282 2564 aliunde
1302 2523 1380 2567 con—

349 2623 470 2700 stabat,
493 2621 584 2684 hunc
611 2620 734 2683 librum
764 2620 804 2682 ab
833 2619 947 2682 eadem
968 2641 1045 2681 cum
1066 2619 1233 2684 Vossianis
1255 2622 1380 2706 origine

350 2740 454 2826 repeti
477 2762 654 2824 eorumque
676 2740 784 2818 fidem,
810 2739 867 2803 ubi
890 2737 1075 2803 testimonia
1097 2740 1133 2803 in
1154 2740 1233 2824 ipsis
1255 2742 1380 2826 perspi-

349 2884 411 2926 cue
437 2860 558 2946 scripta
586 2882 693 2944 neque
722 2858 867 2922 radendo
897 2859 1015 2922 detrita
1044 2871 1136 2939 sunt,
1166 2883 1285 2946 augere
1312 2863 1380 2927 non

348 3003 450 3066 posse.
475 3004 582 3065 neque
605 2981 763 3045 sincerius
777 2981 958 3045 Muellerus
981 3001 1032 3043 me
1049 3002 1131 3063 quae
1154 2982 1257 3045 codex
1272 2983 1380 3047 Hein-

348 3102 459 3166 sianus
473 3102 605 3187 propria
618 3102 739 3165 habeat
758 3099 928 3165 scribentis
949 3100 1083 3164 arbitrio
1101 3113 1245 3166 correcta
1260 3103 1379 3167 dixisse

349 3223 484 3307 scripsit.
506 3223 589 3286 haec
607 3223 697 3286 enim
719 3243 778 3307 ego
794 3223 834 3285 de
856 3242 930 3284 meo
950 3220 1050 3284 huius
1072 3220 1149 3285 libri
1171 3245 1234 3286 usu
1255 3224 1379 3307 profes-

348 3367 402 3407 sus
426 3366 513 3407 eram
535 3343 571 3407 in
593 3342 793 3428 praefatione
811 3344 850 3426 (p.
867 3344 911 3425 lv)
928 3343 984 3405 sed
1003 3349 1077 3404 suut
1098 3341 1191 3406 etiam
1213 3343 1289 3424 ioci,
1308 3344 1380 3428 qui-

349 3465 404 3528 bus
420 3464 561 3528 neutrius
576 3464 690 3527 codicis
709 3463 886 3547 [Vossiaur]
903 3461 1075 3526 testimonio
1094 3462 1263 3544 primitiae
1278 3464 1383 3546 scrup-

349 3592 422 3648 turo
443 3593 572 3649 coustet.
604 3584 651 3648 idi
671 3584 705 3646 iu
726 3582 898 3646 subsidium
913 3581 1099 3646 recensionis
1114 3583 1210 3645 codeu
1225 3583 1379 3648 Heinsio-

347 3705 575 3787 uus'sueoedit,
593 3704 648 3788 qui
661 3703 694 3766 iu
702 3701 853 3785 plurimis
868 3724 938 3767 oum
957 3701 1119 3766 Voccionis
1134 3703 1295 3780 oouseutit,
1314 3703 1382 3770 aiio¹

346 3824 479 3889 arbitrio
501 3832 641 3890 correcto
663 3822 770 3900 iudet,
795 3824 852 3886 sed
870 3822 1021 3886 uouuuiio
1037 3830 1135 3902 terret,
1160 3825 1240 3906 quae
1261 3845 1277 3886 e
1296 3845 1379 3887 com-

347 3936 436 4008 murii
445 3946 543 4030 fonte
565 3953 652 4025 uoto,
677 3943 707 4007 si
719 3943 797 4027 quid
817 3942 1016 4008 obscuritatis
1038 3949 1085 4005 est
1106 3941 1283 4026 scripturae
1297 3944 1332 4007 iu
1347 3947 1379 4006 A

346 4074 402 4128 aut
415 4064 459 4146 B,
477 4066 632 4128 emumode
653 4064 827 4129 illustrarit.
852 4064 933 4128 huuc
948 4086 1005 4148 eqo
1029 4084 1090 4127 uou
1111 4062 1182 4126 uidi
1201 4065 1257 4127 sed
1276 4064 1378 4148 serip-

349 4193 446 4266 turos,
473 4193 551 4269 quos
573 4183 683 4266 ottuii,
710 4207 747 4248 eu
768 4184 898 4249 Halmii
909 4185 1147 4250 ,commentariis
1164 4185 1265 4270 petii,
1284 4184 1381 4268 posui
