3252 4964
662 344 740 406 1119,
761 341 873 394 21-22
1223 343 1282 408 183

249 522 360 576 autem
387 521 444 575 aut
471 521 582 576 uetera
604 522 662 575 aut
683 512 791 575 aliena
813 511 976 596 proferam
998 512 1107 596 potius
1130 535 1228 596 quam
1250 524 1283 578 et

250 625 361 678 nostra
377 625 416 680 'et
437 615 600 679 recential
623 615 695 699 quis
717 636 874 698 umquam
896 625 965 678 tam
986 617 1107 696 audax,
1131 626 1200 680 tam
1222 640 1283 682 no-

249 718 299 782 bis
320 717 475 782 inimicus
496 718 618 798 fuisset,
643 728 681 781 ut
703 717 859 803 cogitaret
881 739 1038 802 umquam
1056 719 1098 783 de
1119 731 1206 784 statu
1221 743 1282 785 no-

249 830 315 884 stro
337 821 572 901 labefactando,
597 821 662 886 nisi
684 843 875 885 mucronem
898 821 1041 904 aliquem
1067 823 1281 888 tribunicium

250 924 430 989 exacuisset
451 925 488 988 in
509 928 588 988 nosl
608 948 706 1009 quem
728 947 804 988 cum
826 924 975 988 homines
990 925 1138 990 scelerati
1154 949 1192 990 ao
1206 949 1281 1011 per·
1311 947 1324 986 a

249 1027 310 1091 diti
332 1050 399 1092 non
422 1029 518 1092 modo
540 1028 609 1091 ulla
630 1027 668 1092 in
689 1028 793 1106 domo,
819 1027 876 1090 sed
898 1027 991 1091 nulla
1012 1028 1049 1090 in
1071 1039 1168 1114 gente
1188 1053 1281 1114 repe-

248 1130 358 1210 n'rent,
376 1141 489 1216 gentes
511 1131 573 1194 sibi
595 1131 632 1194 in
653 1129 796 1195 tenebris
817 1129 1030 1214 reipublicae
1045 1135 1281 1214 perturbandas

248 1243 459 1316 putauerunt.
490 1235 578 1317 quod
592 1233 686 1298 nobis
701 1233 834 1316 quidem
850 1233 1017 1318 egregium
1040 1244 1072 1297 et
1093 1234 1136 1296 ad
1157 1229 1281 1300 inmor-

248 1337 408 1402 talitatem
430 1337 604 1402 memoriae
624 1336 809 1424 gloriosum,
826 1335 994 1400 neminem
1016 1336 1052 1399 in
1074 1359 1133 1400 nos
1155 1360 1280 1402 merce-

248 1440 288 1504 de
303 1441 372 1504 ulla
394 1440 565 1505 tribunum
587 1441 730 1526 potuisse
748 1438 891 1523 reperiri,
909 1439 973 1503 nisi
988 1439 1042 1502 cui
1064 1463 1106 1504 ne
1122 1463 1190 1506 esse
1205 1441 1279 1525 qui·
1298 1459 1322 1501 ro

195 1549 235 1604 22
248 1545 322 1607 dem
344 1543 490 1608 licuisset
511 1545 653 1608 tribuno.
685 1544 743 1607 sed
763 1542 820 1606 ille
844 1563 924 1624 quas
945 1552 1067 1628 strages
1090 1543 1200 1608 edidit.
1225 1567 1278 1610 eas

248 1646 410 1726 uidelicet,
429 1669 509 1730 quas
531 1648 601 1712 sine
624 1648 750 1711 ratione
773 1667 810 1708 ao
833 1645 903 1708 sine
926 1645 995 1708 ulla
1010 1668 1065 1730 spe
1081 1649 1167 1711 bona
1188 1647 1280 1714 furor

247 1748 342 1812 edere
356 1749 465 1833 potuit
486 1750 624 1834 inpurae
639 1751 756 1814 beluae
779 1753 960 1816 multorum
981 1753 1203 1817 inflammatus
1224 1751 1278 1815 fu-

246 1852 382 1916 roribus
427 1875 527 1936 quam
549 1856 590 1918 ob
612 1875 682 1917 rem
710 1852 746 1917 in
768 1854 831 1918 ista
853 1855 986 1939 quidem
1008 1878 1043 1920 re
1066 1855 1278 1922 uehementer

246 1955 373 2018 Sullam
393 1959 503 2040 probo,
522 1957 579 2040 qui
600 1956 742 2021 tribunis
763 1957 868 2041 plebis
890 1980 949 2022 sua
971 1959 1043 2044 lege
1065 1957 1205 2022 iniuriae
1227 1959 1320 2022 fra-1⁵

246 2055 380 2124 ciendae
402 2070 595 2142 potestatem
618 2059 783 2140 ademerit,
808 2061 924 2126 auxilii
949 2061 1077 2126 ferendi
1098 2062 1275 2145 reliquerit,

245 2333 275 2369 re
286 2316 313 2366 Α
419 2319 431 2368 1
452 2315 540 2397 ahena
552 2321 580 2373 B
684 2317 781 2388 pferar
792 2320 820 2372 B
831 2319 957 2388 profers*
977 2319 1000 2384 (‘'
1018 2338 1032 2372 a
1050 2337 1118 2385 corr,
1129 2320 1272 2390 fallerer)

244 2405 280 2468 Α,
295 2403 405 2472 profero
418 2403 557 2468 Halmius,
571 2423 602 2458 ae
614 2409 724 2476 poterat
741 2422 805 2458 eane
817 2404 885 2473 quid
902 2421 953 2474 ego
970 2409 1067 2458 uetera
1077 2405 1205 2475 profero?
1221 2425 1276 2460 non

241 2492 350 2559 poterat
367 2488 464 2558 opinor
475 2505 524 2543 cur
535 2495 631 2544 uetera
647 2489 758 2560 profero
776 2490 869 2560 potius
887 2507 969 2560 quam
985 2491 1122 2544 recentia?
1141 2497 1166 2545 el
1183 2493 1276 2559 confer

248 2575 326 2630 Tusa.
341 2577 363 2640 1,
378 2577 421 2640 45,
438 2577 486 2628 108
494 2576 654 2645 praenimis
670 2577 839 2643 eloquiorum
857 2577 1026 2645 quorundam
1043 2577 1214 2646 opinionibus
1226 2577 1276 2632 sed

244 2660 312 2731 quid
330 2659 502 2730 singulorum
518 2661 662 2731 opiniones
679 2662 909 2725 animaduertam‚
930 2661 1072 2716 nationum
1091 2663 1184 2718 uarios
1202 2681 1276 2718 erro-

243 2763 288 2800 res
305 2746 460 2817 perspicere
478 2765 540 2801 cum
555 2746 647 2802 liceat.
666 2749 783 2820 [Confer
794 2746 969 2818 Maduiqiam
986 2748 1019 2800 de
1027 2749 1083 2818 fin.
1091 2767 1122 2819 p.
1138 2750 1195 2814 714]

244 2829 349 2902 polerul
359 2833 387 2886 B
491 2836 688 2889 lreoenoraB
791 2831 917 2888 aruns&
935 2834 961 2887 dc
978 2837 1053 2888 urA
1150 2836 1274 2904 cogitare

243 2919 271 2972 B
289 2935 428 2988 cogitaret
445 2919 491 2972 aad
505 2937 522 2972 τ
538 2924 655 2974 carana
673 2939 687 2974 e
705 2938 767 2974 corr
778 2921 806 2972 Α
902 2920 1027 2974 Haerent
1045 2920 1171 2976 nonnulli
1181 2920 1210 2974 in
1222 2921 1274 2975 du-

238 3004 312 3075 plici
321 3022 458 3074 umquam,
473 3005 519 3058 red
531 3008 626 3076 consor
634 3025 688 3077 pro
703 3005 789 3059 Sestio
803 3005 844 3069 13,
860 3005 892 3057 30
904 3003 950 3059 hic
969 3003 993 3058 si
1010 3022 1140 3074 umquam
1151 3023 1202 3060 uos
1216 3023 1271 3071 eos,

242 3090 290 3159 qui
307 3107 380 3144 nunc
398 3090 474 3155 estis,
494 3089 523 3142 in
540 3107 570 3145 re
580 3109 608 3165 p.
622 3091 682 3146 lore
693 3097 819 3161 putasset
832 3131 839 3144 .
852 3132 858 3144 .
871 3131 877 3143 .
892 3106 1022 3158 umquam
1040 3108 1123 3145 ausus
1143 3097 1215 3146 esset
1232 3109 1273 3146 se·

240 3182 336 3230 natum
354 3176 388 3230 de
405 3194 435 3230 re
452 3195 479 3247 p.
491 3175 607 3231 tollere?
625 3177 662 3232 od
672 3179 732 3232 All.
746 3179 790 3242 10,
805 3178 836 3242 8,
854 3178 869 3228 9
991 3179 1007 3229 6
1025 3193 1200 3247 reppenrenr
1217 3181 1274 3233 AB

350 3263 365 3314 8
382 3279 504 3316 unmorr.
524 3263 552 3316 B
665 3265 680 3316 9
698 3280 756 3316 mer
774 3279 804 3317 ec
822 3261 856 3314 de
875 3263 903 3318 B
1020 3264 1052 3315 10
1070 3279 1204 3334 repperrn
1221 3263 1274 3320 mlr

241 3363 286 3400 eru
303 3345 411 3402 necesse
429 3350 456 3401 Α
474 3366 637 3419 reppennm
655 3347 728 3402 lreur
744 3345 861 3418 neeellle
879 3348 907 3400 B
1027 3365 1062 3401 ne
1080 3365 1140 3403 esse
1158 3351 1196 3403 R.
1213 3353 1273 3404 Sla-

236 3433 362 3504 planae:
380 3437 437 3500 [neo
456 3451 515 3488 esse
527 3434 638 3504 quidem
651 3436 722 3504 quod
739 3440 763 3488 el
779 3435 824 3490 hie
841 3435 871 3490 in
888 3435 967 3490 libris
979 3442 1018 3492 eet
1029 3442 1055 3490 et
1065 3453 1159 3490 rursus
1166 3453 1199 3506 p.
1213 3436 1270 3502 loo,

243 3521 274 3571 15
292 3535 342 3574 neo
360 3519 454 3574 ueniet
470 3520 631 3590 quidem'ne
649 3521 709 3592 qnia
731 3521 857 3574 Ciceroni
873 3513 1004 3577 attribuat
1017 3527 1122 3576 caulam
1137 3526 1176 3576 est
1187 3523 1273 3576 Marl-

241 3605 312 3675 nlqii
328 3606 510 3676 disputatione
528 3607 560 3660 de
569 3609 625 3678 fin.
637 3625 667 3677 p.
680 3607 730 3660 808
743 3623 799 3677 sqq.
813 3625 861 3662 nec
876 3609 960 3662 mullo
977 3627 1052 3664 secur
1069 3609 1189 3662 iudicare
1201 3606 1273 3662 Rib-

240 3690 348 3745 aeetias
364 3692 472 3746 uidetur
489 3692 520 3746 de
532 3693 634 3765 partic.
652 3693 700 3746 aa
709 3711 741 3762 p.
756 3695 797 3760 48]
899 3693 982 3764 qurde
1000 3698 1028 3749 Α
1132 3696 1162 3748 11
1182 3694 1272 3749 rubu-

240 3791 292 3848 nos
306 3795 335 3848 B
444 3761 538 3865 qurlA
641 3793 736 3866 frages
750 3796 779 3849 B
886 3799 918 3849 12
935 3797 1008 3852 bona
1026 3816 1089 3852 corr
1106 3816 1138 3852 ec
1153 3797 1227 3852 bono
1244 3800 1273 3851 A

325 3879 405 3935 furor
417 3881 499 3935 edere
511 3881 624 3946 Aldina,
642 3882 774 3936 Victorias
791 3881 889 3938 futura
906 3882 1023 3938 reddere
1034 3885 1092 3939 AB
1178 3885 1209 3935 13
1222 3901 1271 3939 un·

240 3983 310 4036 pura
328 3965 424 4021 euelbe
436 3968 464 4020 B
481 3983 580 4048 mpure
595 3966 677 4049 belae
689 3968 735 4032 aad
745 3967 826 4049 belue
838 3969 869 4022 in
880 3987 977 4024 rasura
992 3972 1021 4023 A
1110 3971 1140 4022 15
1154 3965 1232 4024 subla
1243 3971 1272 4024 B

341 4051 466 4107 rrrbuml
480 4051 522 4123 lpl
540 4054 569 4107 B
670 4053 796 4108 iaerende
815 4057 843 4108 Α
952 4057 983 4112 16
1001 4053 1185 4127 poresrareB

238 4134 344 4192 auxrhr'r
361 4138 390 4191 B
412 4136 519 4194 auxrlrir
537 4157 598 4194 corr
616 4157 648 4194 aa
665 4137 756 4196 aurun
774 4141 803 4196 A
897 4160 899 4166 ¹
943 4141 1088 4212 rehquerrr
1104 4141 1272 4212 supersenp
