3252 4964
359 407 419 470 188
792 417 827 458 111
847 405 888 468 11,
909 405 942 456 cs

358 600 431 641 cere
455 578 590 656 debent,
616 598 715 661 quam
738 573 908 638 clarissimi
929 573 1010 652 uiri,
1040 573 1097 656 qui
1120 572 1178 636 illa
1200 576 1281 638 urbe
1302 575 1390 658 pulsi

357 703 466 745 carere
491 680 621 764 ingrata
647 680 780 743 ciuitate
803 699 903 761 quam
928 699 1060 740 manere
1086 676 1259 760 inprobam
1284 679 1392 741 malu—

357 795 462 849 erunt.
479 783 676 867 Pompeium
690 803 769 846 uero
785 782 872 865 quod
887 801 954 843 una
969 779 1031 844 ista
1045 779 1081 842 in
1096 801 1131 842 re
1146 781 1275 844 nonita
1294 782 1392 844 ualde

356 891 481 972 probas,
507 887 566 951 uix
588 886 664 950 satis
686 885 769 948 mihi
791 883 877 947 illud
898 883 1020 946 uideris
1043 882 1225 961 attendere,
1251 905 1318 946 non
1341 905 1393 947 so-

327 1013 338 1050 5
356 990 428 1054 lum
450 990 481 1053 ei
504 989 584 1072 quid
599 999 682 1052 esset
703 987 865 1072 optimum
887 985 1069 1049 uidendum
1092 984 1199 1064 fuisse,
1218 986 1275 1049 sed
1294 987 1392 1051 etiarn

357 1093 437 1176 quid
468 1091 704 1156 necessarium:
732 1089 834 1154 sensit
855 1089 944 1153 enim
967 1087 1078 1153 deberi
1106 1110 1174 1152 non
1196 1111 1290 1172 posse
1313 1090 1392 1152 huic

357 1195 485 1258 ciuitati
506 1195 599 1258 illam
619 1203 830 1278 potestatem3
848 1191 969 1276 quippe
985 1213 1085 1275 quam
1106 1202 1198 1255 tanto
1221 1214 1317 1276 opere
1332 1213 1391 1277 po-

356 1298 456 1381 pulus
478 1307 588 1361 noster
610 1297 756 1382 ignotam
779 1295 966 1380 expetisset,
993 1294 1050 1378 qui
1070 1304 1180 1378 posset
1202 1317 1310 1360 carere
1336 1318 1391 1360 co-

356 1400 468 1485 gnita?
483 1399 638 1484 sapientis
651 1409 762 1463 autem
777 1399 860 1462 ciuis
874 1397 939 1461 fuit
954 1419 1086 1462 causam
1100 1420 1162 1462 nec
1173 1399 1390 1482 perniciosam

314 1523 338 1564 ιι
357 1517 389 1567 et
411 1504 457 1567 ita
478 1505 678 1587 popularem,
703 1513 831 1566 utnon
852 1511 960 1586 posset
982 1501 1102 1580 obsisti,
1126 1502 1309 1585 perniciose
1330 1524 1391 1586 po-

355 1607 464 1690 pulari
486 1606 553 1669 ciui
575 1628 643 1669 non
665 1605 858 1689 relinquere.
882 1606 944 1668 scis
967 1605 1077 1684 solere,
1102 1604 1210 1684 frater,
1234 1605 1271 1669 in
1289 1605 1389 1669 huius

356 1711 444 1773 modi
466 1731 628 1787 sermone,
654 1719 692 1771 ut
713 1707 844 1771 transiri
866 1707 930 1770 alio
953 1709 1067 1790 possit,
1099 1707 1165 1770 dici
1181 1703 1391 1772 ‘admodum'

357 1823 414 1876 aut
430 1810 577 1895 ‘prorsus
598 1810 645 1874 ita
668 1805 743 1874 est.'

421 1915 581 1982 vauvs.
597 1914 701 1977 Haud
723 1914 876 1998 equidem
898 1914 1070 1992 adsentior,
1088 1924 1125 1977 tu
1148 1924 1259 1977 tamen
1282 1916 1323 1978 ad
1337 1937 1391 1978 re-

315 2037 339 2078 15
355 2017 447 2103 liqua
468 2040 583 2103 pergas
606 2017 716 2082 uelim.
812 2051 815 2057 ,

355 2277 400 2330 1111
410 2277 447 2330 ad
457 2279 531 2346 scm.
548 2277 572 2339 1,
588 2278 613 2339 9,
630 2277 661 2327 18
674 2273 703 2328 id
722 2274 794 2327 enim
811 2273 889 2327 iubet
905 2272 979 2326 idem
997 2271 1044 2326 ille
1061 2270 1150 2337 Plato,
1171 2289 1251 2342 quem
1269 2289 1320 2342 ego
1343 2292 1391 2328 ue·

339 2411 341 2414 .
355 2361 496 2416 hementer
508 2368 647 2415 auctorem
663 2377 771 2430 sequor,
786 2366 893 2413 tantum
911 2356 1076 2412 contendere
1088 2356 1117 2410 in
1128 2374 1159 2411 re
1171 2357 1290 2428 publice,
1305 2377 1391 2430 quen·

355 2456 414 2502 tum
437 2448 555 2518 probare
575 2445 632 2500 tuis
656 2446 763 2500 ciuibus
785 2445 890 2515 possis:
910 2443 968 2497 uim
985 2459 1074 2512 neque
1091 2443 1199 2513 parenti
1217 2463 1267 2499 nec
1284 2445 1391 2516 patriae

356 2533 465 2587 adferre
482 2539 619 2603 oportere.
640 2551 706 2602 quoe
719 2532 801 2586 ducta
819 2535 879 2584 sunt
896 2548 928 2582 ec
940 2527 1066 2582 Platonis
1084 2531 1117 2583 dc
1134 2530 1271 2599 republica
1283 2535 1308 2596 6,
1322 2534 1387 2596 496;

355 2619 440 2688 iisque
458 2620 559 2673 similia
576 2618 668 2672 Cicero
686 2617 755 2671 actos·
769 2618 842 2671 uelut
859 2618 895 2670 cd
906 2616 965 2668 Act.
980 2615 1020 2679 10,
1035 2615 1060 2679 8,
1076 2617 1091 2666 7
1179 2618 1323 2687 21nproba
1333 2619 1391 2672 AB

356 2704 385 2757 in
403 2705 519 2775 inproba
536 2705 673 2774 culpatur,
694 2705 766 2773 quod
781 2722 873 2757 uereor
889 2722 922 2756 nc
940 2704 1026 2774 specie
1043 2705 1103 2758 ucri
1112 2704 1268 2775 fefellerit:
1286 2710 1391 2758 sentcn-

357 2789 424 2842 tc'cm
441 2789 585 2855 Ciceronis,
597 2793 627 2842 ut
644 2809 658 2842 c
675 2790 766 2843 multis
778 2807 867 2858 pauca
886 2789 1152 2856 detumesceret
1169 2789 1235 2843 hacc
1252 2790 1282 2842 in
1297 2789 1388 2842 Vatia.

357 2877 381 2939 3,
397 2873 501 2944 6qu0d
517 2874 584 2928 mihi
603 2873 755 2930 discessum
772 2875 898 2930 obiecisti
915 2893 1025 2930 meum.
1042 2917 1048 2929 .
1064 2881 1191 2930 ‚tantum
1208 2873 1261 2928 tibi
1278 2891 1391 2945 respon-

250 3021 251 3024 ,
356 2960 417 3034 deo,
437 2977 489 3026 me,
511 2977 572 3014 cum
590 2967 621 3014 tu
639 2967 799 3032 ceteraeque
817 2960 857 3015 rei
874 2979 901 3031 p.
913 2967 1006 3032 pestes
1024 2977 1162 3015 armorum
1180 2978 1290 3016 causam
1307 2977 1390 3032 quae·

292 3073 294 3078 ·
356 3044 453 3101 teretis
468 3088 473 3100 .
491 3088 496 3100 .
513 3088 518 3099 .
534 3045 624 3101 scelus
642 3054 670 3102 et
687 3047 809 3102 furorem
826 3053 950 3100 uestrum
967 3046 1089 3102 cedendo
1108 3045 1238 3102 maluisse
1262 3047 1391 3116 frangere

356 3149 437 3201 quam
454 3131 616 3188 resistendo.
630 3151 685 3203 pro
699 3133 786 3188 Sestio
798 3134 844 3197 22,
859 3134 892 3185 49
904 3131 957 3186 hoc
974 3148 1035 3186 meo
1053 3133 1164 3202 quidem
1181 3132 1271 3188 animo
1291 3132 1390 3188 summi

356 3217 385 3272 in
402 3217 519 3288 petriam
536 3218 637 3274 amoris
654 3218 709 3272 mei
726 3219 835 3288 signum
846 3233 907 3272 esee
925 3216 1007 3274 debet
1024 3217 1214 3283 certissimum,
1234 3216 1309 3288 quod
1328 3235 1390 3272 cum

356 3304 452 3358 abesse
471 3303 505 3359 ab
524 3321 555 3358 ea
574 3303 633 3358 sine
657 3322 761 3358 summo
780 3301 875 3357 dolore
898 3321 954 3358 non
977 3322 1101 3376 possem,
1121 3305 1195 3358 hunc
1218 3321 1261 3358 me
1282 3304 1391 3375 perpeti

355 3407 438 3460 quam
459 3388 536 3446 illam
555 3388 717 3445 labefactari
740 3387 774 3443 ab
798 3387 931 3459 improbis
948 3388 1041 3444 malui.
1061 3391 1089 3445 cb
1109 3391 1197 3444 Pison.
1218 3393 1247 3454 9,
1269 3392 1317 3454 21;
1337 3407 1390 3459 pro

357 3477 452 3530 Planc.
466 3477 508 3538 36,
523 3477 570 3539 893
587 3481 649 3545 post
666 3476 721 3530 red.
734 3478 759 3540 5,
777 3476 862 3529 13.14
981 3476 995 3526 3
1013 3474 1095 3530 balde
1113 3477 1142 3530 B
1159 3474 1241 3530 ualde
1260 3479 1289 3530 A
1306 3477 1353 3530 sed
1370 3494 1390 3528 u

357 3577 418 3614 corr
527 3563 544 3613 4
562 3559 640 3616 sarus
654 3562 682 3614 B
790 3560 886 3614 uidere
903 3559 1047 3615 intendere
1064 3564 1093 3617 B
1115 3561 1227 3616 uideres
1242 3560 1395 3640 attendere*

358 3650 428 3711 (corr
444 3645 561 3717 u1derJl')
580 3653 604 3700 A
697 3649 712 3698 5
731 3645 845 3700 uidente
863 3644 957 3701 furis&
974 3648 1057 3702 &lam
1073 3649 1102 3702 B
1119 3647 1271 3702 urdendum
1286 3645 1389 3701 fuisse*

356 3729 511 3796 sedienem
533 3729 588 3796 [sed
605 3733 634 3787 in
643 3735 705 3804 fine
722 3750 813 3786 uersas
830 3734 939 3785 uidetur
955 3752 972 3787 a
989 3751 1050 3788 corr
1067 3735 1128 3798 add)
1151 3736 1179 3787 A
1290 3737 1305 3786 7
1323 3751 1391 3788 crur-

355 3851 417 3888 rare
434 3852 496 3888 corr
512 3852 537 3890 u
554 3837 582 3888 A
712 3853 796 3888 tanco
814 3851 915 3905 oppere
932 3838 960 3890 B
1095 3839 1110 3888 8
1127 3834 1205 3906 posse
1224 3837 1253 3891 B
1268 3811 1390 3908 possefA

478 3920 510 3972 10
528 3917 625 3990 opera
646 3920 781 3992 pmnosae
798 3923 826 3975 B
948 3923 978 3973 11
1002 3920 1188 3991 rehnquerere
1205 3928 1231 3978 A
1253 3921 1391 3992 relinque·

356 4003 401 4059 res
416 4002 541 4060 crsiolere
560 4003 614 4070 (sol
631 4025 693 4060 corr
711 4026 743 4060 cc
761 4006 818 4073 sor)
836 4009 865 4062 B
1002 4010 1033 4060 12
1052 4005 1106 4062 ahc
1124 4008 1209 4078 posin
1227 4008 1282 4064 d1c1
1299 4010 1329 4064 r'a
1346 4027 1391 4063 rc·

354 4126 420 4161 cura
437 4110 465 4161 A
579 4110 610 4161 13
627 4083 727 4180 prdsus
740 4113 765 4164 A
782 4107 851 4179 psus
866 4112 894 4164 B
1009 4113 1041 4162 14
1058 4110 1134 4166 haud
1152 4112 1279 4182 equidem
1296 4112 1390 4168 editic-

354 4211 400 4247 nee
419 4211 470 4248 aur
488 4195 614 4264 equidem
626 4199 654 4248 A
673 4195 884 4266 aurlaequrdem
896 4198 924 4250 B
1024 4199 1055 4250 15
1074 4196 1150 4252 uelm
1168 4199 1196 4250 B
1294 4213 1390 4267 perga-
