3250 4974
684 437 846 478 PRAEFATIO
1245 447 1282 491 lx

251 607 288 662 ut
310 609 495 682 temporum
516 597 637 661 iniuria
665 598 829 682 culpanda
851 598 906 676 sit,
938 617 1002 681 qua
1029 621 1088 682 per
1113 599 1285 663 interitum

251 718 486 782 nonnullorum
517 709 690 802 archetypi
714 717 834 783 codicis
862 717 1016 781 foliorum
1037 729 1106 783 tam
1133 719 1170 782 in
1193 719 1284 784 exitu

251 838 356 922 operis
379 860 398 901 a
420 838 578 903 Cicerone
601 839 734 922 quidem
757 839 898 903 absoluti
921 860 1019 922 quam
1046 839 1081 902 in
1105 841 1220 905 mediis
1241 841 1284 904 li-

177 946 185 950 *
250 959 316 1023 bris
339 959 568 1042 superstitibus
596 959 733 1022 maiores
762 959 946 1023 minoresue
972 970 1080 1043 partes
1108 960 1284 1025 intercide-

250 1079 330 1143 rint:
363 1079 481 1143 deinde
504 1090 630 1143 utnon
652 1091 720 1143 tam
741 1078 965 1143 inconsultum
988 1081 1176 1145 correctoris
1199 1082 1285 1145 arbi-

250 1199 352 1264 trium
385 1221 484 1284 quam
516 1199 756 1263 inconsiderata
791 1199 998 1264 librariorum
1034 1201 1162 1264 incuria
1197 1202 1284 1265 hanc

251 1319 393 1404 speciem
414 1320 599 1404 procrearit,
626 1321 682 1403 qui
704 1321 739 1384 in
763 1341 834 1384 eam
857 1321 999 1385 maxime
1020 1333 1148 1406 partem
1167 1343 1285 1406 pecca-

251 1441 368 1520 uerint,
394 1451 432 1503 ut
454 1440 632 1504 earundem
654 1440 854 1504 similiumue
877 1463 999 1505 uocum
1014 1453 1071 1505 aut
1086 1442 1285 1526 syllabarum

251 1561 444 1645 repetitione
478 1561 606 1644 decepti
639 1583 736 1624 uoces
773 1561 917 1646 singulas
950 1573 1008 1625 aut
1040 1562 1138 1626 etiam
1174 1564 1285 1646 plures

251 1691 348 1765 atque
378 1682 458 1746 adeo
485 1691 568 1744 totas
597 1683 774 1759 sententias
805 1682 975 1745 scribendo
995 1682 1200 1747 omitterent.
1246 1705 1286 1746 ea

250 1796 351 1886 igitur
373 1801 528 1865 medendi
556 1801 611 1864 uia
637 1823 714 1884 prae
741 1802 856 1866 ceteris
880 1803 997 1885 ecquid
1023 1802 1159 1866 forsitan
1184 1805 1285 1887 profi-

252 1943 359 1986 cerem
391 1922 593 2006 periolitatus
626 1943 714 2002 sum,
744 1943 843 2005 quam
875 1921 945 2006 ipsa
978 1922 1135 1986 uitiorum
1167 1934 1285 1986 natura

252 2042 479 2106 commendare
502 2043 691 2121 uidebatur,
725 2042 843 2126 quibus
865 2042 959 2105 nulla
981 2042 1202 2125 frequentiora
1223 2043 1284 2108 hos

252 2161 350 2226 libros
373 2184 547 2247 occupasse
562 2163 796 2228 Vossianorum
818 2155 1004 2226 testimonia
1025 2163 1125 2226 fidem
1147 2163 1283 2227 faciunt.

252 2282 479 2366 opinationum
494 2293 605 2347 autem
621 2283 806 2368 congeriem
827 2283 868 2347 iis
890 2283 1011 2346 finibus
1035 2282 1282 2366 circumscripsi,

252 2414 289 2466 ut
311 2425 364 2466 eas
385 2425 541 2486 ponerem
564 2426 652 2487 quas,
678 2404 738 2468 etsi
759 2425 876 2467 uerum
899 2403 954 2467 uel
978 2402 1049 2465 ueri
1071 2413 1197 2486 partem
1217 2424 1285 2466 non

252 2545 320 2588 esse
343 2535 507 2588 assecutae
529 2524 734 2602 uiderentur,
759 2535 870 2588 tamen
899 2545 967 2587 non
995 2523 1065 2587 sine
1091 2521 1202 2586 fructu
1225 2523 1285 2585 ali-

252 2667 316 2728 quo
339 2644 522 2708 accuratius
544 2645 703 2729 perpendi
725 2645 905 2708 arbitrarer.
942 2643 1161 2727 quoniamque
1183 2665 1203 2706 a
1224 2666 1285 2708 no·

252 2765 393 2829 uissimis
422 2765 613 2843 editoribus,
642 2765 793 2845 Halmio,
818 2765 963 2843 Baitero,
997 2785 1136 2847 quorum
1161 2763 1284 2827 iudicio

252 2886 395 2949 multum
421 2885 564 2949 tribuere
598 2886 700 2965 soleo,
736 2885 872 2968 aliisque
907 2884 987 2948 uiris
1021 2885 1123 2948 doctis
1156 2884 1285 2968 saepius

252 3005 334 3069 mihi
357 3005 592 3069 discedendum
614 3028 682 3070 esse
705 3005 790 3084 uidi,
823 3006 888 3069 mei
910 3004 1044 3089 pudoris
1067 3026 1135 3068 esse
1157 3003 1282 3087 putaui,

253 3148 365 3190 eorum
392 3125 568 3189 sententias
597 3125 661 3189 nisi
691 3126 871 3190 rationibus
905 3125 1011 3188 allatis
1044 3146 1111 3188 non
1141 3124 1283 3187 reiicere.

252 3247 340 3331 quod
360 3245 550 3309 institutum
566 3268 643 3309 cum
656 3248 815 3310 breuitate
838 3245 884 3309 ita
899 3245 999 3324 tenui,
1025 3255 1062 3308 ut
1081 3244 1287 3328 recognitum

252 3389 271 3430 a
294 3388 346 3431 me
368 3378 496 3430 textum
518 3365 638 3450 passim
661 3365 861 3450 argumentis
884 3376 916 3429 et
938 3365 1096 3449 exemplis
1122 3365 1286 3428 declarare

253 3498 350 3571 atque
373 3488 564 3550 confirmare
587 3486 760 3550 studerem.

316 3661 444 3723 Dabam
459 3657 676 3723 Vindobonae
691 3680 767 3721 non.
785 3657 998 3742 Septembrib.
1016 3679 1043 3719 a.
1060 3674 1248 3721 Mocconxx.
