3260 4968
622 435 693 498 121,
714 436 824 485 55—56
1211 437 1251 498 (51

216 615 302 669 crate
329 615 362 669 et
390 605 563 669 Aristotele
591 616 624 670 et
650 609 691 670 ab
717 605 775 668 illa
802 607 949 670 Platonis
975 605 1102 669 familia
1127 607 1252 670 discre-

215 718 308 792 paret
329 719 473 792 essetque
494 709 581 773 inter
603 731 657 773 eos
681 710 721 774 de
744 733 778 774 re
801 710 944 772 maxima
966 719 1000 773 et
1022 709 1063 772 de
1085 709 1176 772 omni
1198 710 1251 772 ui—

217 811 318 875 uendi
340 811 466 876 ratione
489 812 660 877 dissensio:
684 835 775 876 nuno
798 834 885 890 uero,
911 834 1010 896 quom
1033 812 1140 891 decus,
1163 813 1251 897 quod

214 914 343 998 antiqui
370 937 536 979 summum
563 919 686 980 bonum
713 937 781 980 esse
804 916 963 996 dixerant,
987 915 1042 978 hic
1065 917 1171 980 solum
1193 919 1252 981 bo-

215 1039 297 1080 num
319 1018 419 1098 dicat,
443 1019 587 1104 itemque
611 1020 752 1084 dedecus
774 1018 824 1082 illi
846 1041 1013 1082 summum
1035 1020 1171 1099 malurn,
1196 1021 1251 1084 hio
1283 1041 1296 1080 s

216 1120 331 1200 solum,
361 1121 503 1202 diuitias,
533 1123 768 1202 ualetudinem,
797 1121 1081 1206 pulchritudinem
1108 1115 1252 1188 comino-

217 1225 274 1289 das
295 1247 346 1289 res
368 1226 519 1310 appellet,
544 1248 613 1290 non
634 1230 744 1306 bonas,
769 1235 1006 1310 paupertatem,
1037 1225 1248 1308 debilitatem,

216 1328 359 1392 dolorem
394 1329 631 1408 incommodas,
666 1352 734 1394 non
762 1330 877 1407 malaS,
913 1328 1013 1393 sentit
1044 1328 1133 1393 idem
1164 1332 1252 1415 quod

215 1433 431 1510 Xenocrates,
463 1434 550 1517 quod
578 1433 780 1512 Aristoteles,
810 1432 956 1515 loquitur
984 1431 1049 1495 alio
1076 1435 1181 1498 modo.
1210 1458 1251 1499 ex

215 1536 278 1599 hac
300 1546 411 1600 autem
431 1558 499 1600 non
521 1559 632 1600 rerum
654 1537 711 1600 sed
733 1539 910 1601 uerborum
932 1536 1094 1600 discordia
1120 1549 1294 1602 contro-10

217 1639 324 1703 uersia
350 1651 399 1704 est
425 1650 503 1703 nata
531 1641 571 1704 de
599 1641 735 1718 finibus;
760 1640 891 1724 inqua,
917 1640 1073 1723 quoniam
1095 1663 1174 1704 usus
1196 1663 1251 1704 ca-

217 1743 350 1826 pionem
372 1743 546 1807 duodecim
568 1745 699 1808 tabulae
722 1745 808 1807 intra
831 1743 977 1827 quinque
992 1745 1091 1828 pedes
1107 1766 1175 1808 esse
1191 1767 1251 1809 no-

215 1846 361 1927 luerunt,
391 1846 523 1931 depasci
551 1857 696 1911 ueterem
723 1846 959 1931 possessionem
986 1847 1182 1911 Academiae
1210 1851 1250 1912 ab

213 1949 276 2012 hoe
298 1959 394 2013 acute
418 1949 552 2013 homine
574 1971 642 2013 non
664 1950 818 2028 sinemus,
843 1972 905 2014 neo
922 1950 1071 2014 Mamilia
1090 1951 1162 2036 lege
1182 1951 1251 2015 sin-

213 2053 291 2138 guli,
315 2054 372 2142 sed
394 2075 412 2117 e
434 2072 483 2117 xii
504 2064 569 2117 tres
591 2052 704 2117 arbitri
725 2053 801 2117 finis
823 2075 982 2138 regemus.
1261 2071 1285 2111 1⁵

165 2163 203 2219 56
279 2157 439 2225 QVINTVS.
471 2156 659 2224 Quamnam
680 2155 782 2241 igitur
804 2157 1001 2220 sententiam
1023 2144 1198 2221 dicimusl¹

278 2261 430 2324 Mnacvs.
467 2259 606 2343 Requiri
638 2260 768 2344 placere
796 2259 961 2339 terminos,
993 2280 1073 2343 quos
1102 2260 1249 2324 Socrates

215 2362 348 2448 pegerit,
373 2362 478 2447 iisque
500 2384 623 2446 parere.

215 2693 226 2740 1
247 2687 296 2743 illa
314 2688 482 2744 Haterianus
500 2687 548 2742 illo
560 2691 616 2744 AB
732 2691 747 2740 2
766 2663 850 2744 e‘dcqli
869 2662 955 2743 ediq'i'n
972 2707 1070 2742 rasura
1087 2691 1114 2742 A
1134 2687 1199 2742 ess&
1218 2690 1254 2743 H

214 2782 242 2830 et
259 2782 332 2830 esset
345 2775 475 2830 Halmius
492 2779 517 2828 et
528 2775 656 2830 Baiter-as
749 2777 765 2826 3
783 2775 858 2845 quod
876 2773 928 2846 (qd)
947 2773 1033 2829 deeul
1048 2778 1105 2830 AB
1122 2792 1184 2830 eum
1201 2774 1247 2829 de·

212 2859 263 2914 cul
274 2862 442 2917 Heinsiauus
542 2863 558 2912 4
576 2877 685 2930 antiqui
704 2864 771 2926 (unii
788 2861 819 2914 in
836 2865 941 2927 rasura)
956 2862 993 2915 H
1091 2865 1106 2914 5
1120 2860 1195 2931 quod
1206 2859 1248 2914 illi

214 2965 369 3030 deteriores,
393 2964 532 3019 Turnebus
642 2962 832 3018 finalemdim
849 2983 911 3018 corr
928 2971 962 3018 ne
981 2966 1009 3019 B
1112 2940 1248 3035 pilchritu-

213 3066 277 3120 dine
294 3069 322 3120 A
340 3066 557 3138 pulcritudinem
575 3065 676 3138 (pulcri
694 3068 723 3120 i'n
740 3071 850 3132 rasura)
872 3069 908 3122 H
1019 3033 1206 3122 commodsiel
1221 3069 1249 3122 B

217 3153 296 3218 (aaa
314 3159 388 3208 auat
401 3154 537 3220 Halmius)
638 3152 770 3225 lapell&
784 3154 820 3207 H
874 3159 875 3162 ’
915 3151 1046 3207 Bmaalal
1056 3157 1083 3205 A
1096 3154 1166 3224 (fuit
1182 3150 1248 3206 mal·

212 3253 262 3322 les)
375 3260 390 3309 9
409 3231 538 3312 ariltdlel
552 3260 580 3311 A
678 3232 797 3311 alimodo
815 3260 843 3310 A
944 3259 972 3308 11
993 3263 1007 3309 a
1027 3273 1093 3310 nata
1111 3254 1252 3310 definibul

213 3341 242 3394 in
259 3359 358 3395 rasura
375 3345 403 3395 A
524 3341 590 3397 111111
607 3347 670 3408 (nou
688 3342 751 3409 usu)
770 3361 830 3415 esp.
849 3344 953 3405 ABH:
973 3343 1067 3411 eonser
1087 3342 1249 3396 Schoellium

212 3427 293 3500 Leqi's
312 3436 359 3478 ΧΠ
377 3429 439 3484 Tali.
457 3431 506 3483 rel.
520 3448 552 3500 p.
568 3431 616 3482 103
748 3435 890 3501 cepionem
907 3432 935 3485 B
952 3446 1095 3500 cepionem
1114 3430 1150 3483 H

212 3513 444 3585 capionesislduo
467 3514 555 3568 decim
575 3515 622 3568 sed
643 3515 697 3570 duo
722 3515 801 3570 initio
823 3533 916 3569 uersus
933 3534 951 3569 a
968 3534 1030 3569 corr
1048 3516 1103 3570 add
1117 3519 1144 3567 A

216 3589 247 3652 12
258 3599 357 3654 tabule
369 3619 432 3654 corr
445 3617 460 3680 e
473 3602 501 3655 B
597 3599 671 3656 intra
683 3603 721 3654 R.
737 3602 889 3672 Stephanus
906 3619 980 3656 inter
999 3598 1058 3668 (ini)
1075 3602 1170 3656 ABH

211 3685 360 3741 noluerunt
376 3687 516 3750 Alcimus,
537 3689 573 3741 R.
593 3688 739 3759 Stephanus
759 3685 900 3742 noluerint
918 3688 984 3741 AH
999 3686 1159 3741 uoluerunt
1178 3687 1248 3756 (suit

212 3770 369 3838 uoluerunt)
386 3774 415 3826 B
510 3771 671 3844 14s1nguhr
686 3772 733 3828 led
751 3791 785 3826 ex
803 3772 828 3826 11
843 3771 894 3839 (hil
909 3775 1013 3840 Heius.)
1032 3771 1078 3827 rel
1086 3774 1181 3828 ΑΒΗ
1194 3772 1248 3826 iin-

212 3856 271 3927 guli
285 3857 334 3912 sed
347 3857 429 3912 exiis
446 3866 504 3914 tres
521 3859 655 3914 Victorius
674 3857 776 3929 singuli
795 3858 844 3913 sed
862 3877 877 3913 e
894 3872 938 3913 ΧΠ
955 3867 1012 3914 tres
1025 3864 1158 3914 Aemarus
1171 3859 1248 3912 Ran-

212 3966 319 4016 conetus
407 3964 438 4015 16
453 3967 544 4031 quana
561 3979 648 4031 igitur
665 3949 804 4017 saurentii
815 3965 843 4015 A
854 3949 909 4033 qui
921 3969 957 4016 ns
970 3979 1058 4032 igitur
1070 3947 1208 4016 lensensis
1220 3962 1248 4015 B

212 4065 356 4118 quamnam
369 4064 458 4118 igitur
471 4046 609 4102 lemanna
622 4049 658 4102 H
736 4048 858 4103 dicemus
871 4068 903 4103 ee
915 4068 969 4103 acuo
982 4049 1071 4103 codiee
1087 4048 1247 4102 Goerenaias

283 4135 315 4186 17
328 4152 435 4205 *equiti
452 4137 473 4200 (r
486 4151 599 4199 uarum,
621 4134 795 4200 eabseuruml
811 4138 839 4190 A
914 4132 1037 4189 socrates
1048 4135 1084 4188 H
1091 4129 1207 4187 socratis
1220 4134 1248 4187 B

214 4223 329 4291 licteus
350 4239 420 4308 [fnit
444 4213 565 4302 licteus)
588 4240 616 4290 A
738 4241 769 4291 18
787 4256 927 4309 pepigerit
947 4239 983 4291 H
1104 4252 1202 4306 parare
1221 4238 1248 4289 A
