3250 4974
356 442 440 485 xvm
652 431 813 472 calumum
832 431 929 470 somn
947 411 1095 472 sommus

356 594 427 671 fuit,
456 592 640 656 correxisse.
666 591 745 675 quid
768 587 854 669 uero,
880 612 956 652 cum
978 613 1009 675 p.
1031 599 1104 670 166,
1125 599 1140 652 7
1158 592 1327 676 uestipolr'u
1349 592 1390 656 sit

357 715 393 777 in
415 723 554 797 utroque
576 712 743 791 Vossiano,
767 711 803 776 in
826 711 1009 775 Heinsiano
1032 689 1208 796 usleipam,
1227 735 1338 776 nonne
1353 714 1389 776 in

358 833 489 920 gemino
519 835 616 918 plane
640 833 790 916 exemplo
812 831 1018 896 manifestam
1041 843 1191 897 tenemus
1214 833 1303 896 uiam
1326 856 1390 917 qua

359 955 415 1018 uia
442 955 499 1018 illo
528 954 599 1018 loco
622 952 744 1036 infecto
765 953 801 1015 in
823 953 1045 1016 Heiusianum
1069 953 1260 1017 deuenerit‘l
1282 976 1319 1016 ae
1342 954 1390 1018 le-

359 1076 496 1139 uitatem
517 1073 660 1137 hominis
684 1073 761 1136 uide
775 1072 811 1135 in
827 1094 864 1136 eo
881 1074 968 1156 quod
983 1074 1019 1137 in
1034 1074 1133 1137 unico
1147 1074 1296 1158 exemplo
1312 1077 1390 1139 sub-

359 1196 449 1274 stitit,
475 1194 569 1258 ouius
592 1193 711 1258 similia
733 1193 839 1256 multa
861 1193 973 1257 afferre
997 1216 1132 1276 remque
1154 1217 1247 1257 suam
1265 1195 1391 1259 firmius

361 1315 505 1381 stabilire
520 1323 655 1399 poterat.
679 1335 739 1377 nos
754 1314 849 1378 aliter
864 1314 1083 1379 iudicabimus
1099 1338 1136 1378 ao
1152 1338 1183 1400 p.
1199 1323 1247 1395 64,
1263 1324 1298 1377 10
1316 1338 1392 1378 cum

361 1458 538 1500 noceremus
553 1457 633 1498 corr.
650 1435 827 1498 doceremus
842 1435 1006 1515 Vossiani,
1023 1458 1218 1500 nosceremus
1240 1436 1393 1501 exhibeat

361 1556 572 1636 Heinsianus‚
590 1578 657 1620 non
679 1556 869 1640 putabimus
890 1557 981 1619 hunc
1003 1578 1195 1620 nosceremus
1210 1580 1251 1621 ex
1266 1580 1324 1622 suo
1341 1579 1393 1620 ar-

363 1680 502 1763 chetypo
530 1678 724 1762 prompsisse
751 1677 808 1740 sed
836 1699 1014 1741 noceremus
1040 1678 1076 1741 iu
1106 1677 1275 1742 communi
1303 1678 1392 1742 fonte

363 1801 462 1864 fuisse
484 1798 583 1881 idque
606 1797 642 1861 in
664 1796 831 1862 Vossianis
854 1797 935 1861 falso
958 1798 993 1862 in
1017 1799 1205 1882 doceremus,
1230 1801 1266 1862 in
1285 1798 1393 1863 Hein-

364 1921 454 1984 siano
477 1941 556 1982 uero
579 1928 666 1982 recte
689 1927 852 1982 mutatum
875 1940 943 1982 esse
959 1919 995 1982 in
1010 1941 1224 1997 nosceremus;
1239 1921 1394 1984 eandem-

364 2064 427 2126 que
451 2040 610 2104 rationem
629 2061 802 2124 agnoscere
817 2049 924 2124 potest
938 2040 995 2123 qui
1015 2039 1169 2120 bislane,
1187 2062 1268 2125 quos
1283 2063 1394 2104 exem-

364 2163 412 2247 pli
434 2183 532 2225 causa
554 2160 658 2240 affero,
677 2160 854 2245 scripturae
878 2161 1130 2245 discrepantiam
1152 2162 1257 2225 sobrio
1272 2160 1394 2225 iudicio

365 2282 565 2368 perpendere
588 2280 683 2359 uelit,
708 2303 739 2365 p.
759 2289 805 2361 19,
825 2289 860 2360 83
887 2289 934 2361 58,
956 2290 988 2361 13
1014 2289 1063 2362 28,
1083 2289 1118 2361 5;
1142 2289 1192 2361 49,
1218 2290 1244 2346 3.
1275 2283 1331 2346 sed
1357 2292 1395 2345 ut

365 2427 459 2489 saepe
482 2402 579 2466 multi
603 2423 732 2479 errores,
757 2402 896 2465 leuiores
918 2402 1116 2487 praesertim,
1140 2403 1259 2486 quibus
1281 2403 1395 2467 arche-

364 2535 462 2609 typus
483 2523 567 2587 liber
588 2522 780 2604 inquinatus
804 2532 880 2599 erat,
904 2522 941 2585 in
963 2522 1146 2587 Heinsiano
1170 2524 1281 2586 codice
1307 2532 1394 2586 reete

365 2646 422 2709 sed
443 2643 573 2729 proprio
589 2643 695 2706 Marte
714 2642 834 2705 sublati
857 2651 933 2705 sunt
953 2643 1004 2724 (ex
1027 2665 1090 2726 quo
1113 2665 1240 2728 genere,
1259 2643 1346 2727 quod
1363 2653 1396 2707 et

365 2767 401 2828 in
423 2762 623 2849 praefatione
645 2784 677 2846 p.
701 2784 736 2826 1v
759 2784 1016 2826 memoraueram
1044 2763 1163 2826 necin
1187 2764 1395 2828 adnotatione

365 2885 582 2970 neglexeram,
601 2883 724 2967 species
747 2883 804 2945 illa
825 2883 980 2947 bonitatis
1003 2893 1080 2947 nata
1103 2894 1158 2963 est,
1177 2907 1241 2967 qua
1259 2907 1292 2948 se
1309 2885 1396 2948 docti

365 3005 515 3070 homines
538 3004 653 3068 induci
675 3003 869 3088 patiuntur),
894 3004 940 3068 itu
962 3027 1030 3069 non
1053 3027 1123 3069 raro
1146 3005 1182 3068 in
1205 3006 1319 3069 eodem
1342 3027 1396 3069 co-

367 3127 446 3205 dice,
472 3149 536 3209 quo
559 3125 662 3210 magis
691 3125 880 3188 correctoris
903 3126 1074 3190 arbitrium
1097 3135 1322 3211 cognoscatur,
1347 3126 1396 3189 le-

367 3247 452 3309 uiter
475 3257 627 3330 corrupta
648 3244 685 3308 in
708 3246 850 3309 deterius
873 3256 998 3310 mutata
1018 3246 1122 3329 (uelut
1137 3269 1178 3309 ne
1194 3247 1264 3310 sine
1286 3269 1397 3310 exem-

366 3367 421 3451 plo
436 3366 559 3449 loquar,
576 3388 608 3450 p.
629 3374 675 3445 14,
697 3373 734 3428 14
751 3367 848 3447 odire,
871 3389 903 3451 p.
922 3375 970 3446 36,
991 3375 1006 3429 7
1023 3367 1086 3430 iam
1102 3367 1259 3430 amicitiae
1273 3389 1392 3448 nomen,

366 3509 397 3571 p.
413 3495 461 3566 66,
478 3494 495 3550 3
514 3488 593 3549 bono
608 3486 760 3570 elipendu,
779 3509 810 3571 p.
826 3495 873 3566 28,
894 3495 911 3550 2
929 3496 1032 3552 cetere
1047 3487 1218 3571 animalia),
1235 3489 1398 3551 nonnulla

366 3607 464 3670 etiam
486 3606 621 3670 liberius
643 3607 806 3692 planeque
828 3630 981 3692 peruersa
1005 3607 1202 3672 emendandi
1223 3608 1330 3672 studio
1345 3608 1398 3671 in-

367 3728 527 3811 terpolata
549 3737 641 3804 sunt,
667 3737 704 3791 ut
727 3730 763 3791 ob
786 3728 936 3792 iniurium
957 3752 988 3814 p.
1012 3736 1070 3808 42,
1095 3735 1127 3807 63
1151 3729 1289 3793 rationes
1311 3727 1400 3792 dubit

367 3871 398 3933 p.
417 3856 467 3928 41,
487 3855 519 3926 5’;
544 3849 728 3912 erubescant
749 3849 907 3932 impudica
930 3848 1016 3933 loqui
1035 3871 1066 3933 p.
1086 3855 1141 3928 55,
1161 3855 1190 3911 4.
1218 3870 1326 3932 neque
1348 3849 1399 3912 lo-

367 3993 449 4053 quor
471 3971 510 4034 de
533 3970 572 4034 iis
595 3993 678 4054 quae
700 3992 790 4033 nuno
814 3981 957 4034 correcta
979 3979 1037 4033 aut
1059 3970 1094 4032 in
1116 3969 1263 4054 margine
1286 3991 1306 4031 a
1327 3992 1399 4034 cor-

367 4101 491 4155 rectore
521 4091 651 4175 appicta
681 4091 943 4176 conspiciuntur,
969 4091 1026 4155 sed
1049 4113 1131 4174 quae
1154 4090 1190 4153 in
1212 4091 1282 4174 ipso
1305 4099 1399 4154 textu

366 4223 497 4275 exarata
519 4213 725 4277 exhibentur.
748 4234 831 4294 quae
854 4223 973 4275 cuncta
995 4211 1188 4295 singillatim
1204 4223 1236 4276 et
1256 4233 1315 4296 per
1337 4231 1396 4274 sua
