3252 4964
354 402 414 466 186
710 412 745 452 111
765 401 805 464 10,
826 401 859 452 24
876 427 911 438 -
930 400 970 463 11,
991 401 1023 451 25

351 593 424 635 mus
447 572 525 635 ordo
548 582 643 650 caret,
660 572 773 656 plebes
788 573 828 635 de
851 593 915 656 suo,
931 571 1003 634 iure
1025 570 1222 655 periculosas
1245 582 1383 635 conten·

351 676 456 739 tiones
471 675 580 739 nullas
594 675 682 739 facit.
714 696 812 758 quam
829 677 869 739 ob
885 695 955 738 rem
969 684 1027 737 aut
1042 672 1195 758 exigendi
1209 695 1300 758 reges
1315 695 1384 738 non
1393 675 1432 732 25

351 780 488 844 fuerunt
502 789 560 842 aut
572 778 663 862 plebi
677 801 720 856 re,
738 800 806 842 non
821 780 922 842 uerbo
937 777 1045 841 danda
1066 777 1214 841 libertas:
1232 798 1314 860 quae
1333 788 1383 840 ta-

352 905 429 947 men
452 881 498 946 sic
514 882 589 946 data
604 893 660 959 est,
677 892 716 944 ut
737 881 849 946 multis
870 879 1136 966 praeclarissimis
1155 880 1380 958 adduceretur,

321 995 390 1049 rut
411 985 597 1050 auctoritati
618 985 807 1069 principum
830 984 967 1048 cederet.
1010 995 1120 1048 nostra
1142 993 1253 1046 autem
1276 1005 1380 1061 causa,
1394 979 1433 1044 11

352 1111 443 1172 quae,
462 1099 594 1173 optume
610 1099 643 1152 et
658 1088 845 1151 dulcissime
860 1087 966 1166 frater,
984 1086 1102 1150 incidit
1121 1086 1158 1149 in
1172 1085 1384 1150 tribuniciam

351 1203 552 1275 potestatem,
566 1190 651 1254 nihil
666 1190 783 1254 habuit
796 1190 1015 1254 contentionis
1027 1211 1102 1253 cum
1118 1189 1303 1268 tribunatu;
1316 1211 1384 1253 non

352 1295 442 1358 enim
464 1295 575 1379 plebes
597 1293 734 1358 incitata
756 1293 874 1358 nostris
897 1295 993 1357 rebus
1014 1292 1144 1372 inuidit,
1169 1292 1226 1356 sed
1249 1293 1384 1356 uincula

351 1399 457 1462 soluta
479 1407 557 1462 sunt
578 1408 611 1461 et
632 1396 766 1462 seruitia
781 1395 951 1476 concitata,
969 1396 1124 1460 adiuncto
1146 1406 1267 1459 terrore
1285 1396 1384 1460 etiam

310 1517 334 1558 1⁰
352 1501 495 1565 militari.
514 1523 621 1585 neque
643 1500 737 1564 nobis
753 1521 829 1563 cum
851 1499 907 1563 illa
929 1511 1001 1562 tum
1018 1509 1109 1582 peste
1125 1509 1290 1563 certamen
1310 1499 1382 1579 fuit,

352 1606 409 1668 sed
425 1627 501 1667 cum
516 1603 707 1689 grauissimo
722 1603 770 1667 rei
792 1603 943 1686 publicae
965 1613 1119 1686 tempore,
1139 1601 1193 1664 cui
1215 1602 1251 1664 ai
1271 1601 1384 1666 cessis-

352 1814 422 1863 recte
440 1814 580 1880 ceperunt:
593 1810 640 1862 loe
652 1808 719 1862 dicit
736 1806 883 1862 nonnullos
902 1807 931 1861 in
949 1807 1024 1862 omni
1040 1807 1171 1862 memoria
1188 1807 1309 1877 reperies
1324 1825 1384 1878 per·

352 1896 472 1950 niciosos
489 1895 625 1959 tribunos,
639 1892 715 1948 leues
728 1893 810 1948 etiam
827 1892 945 1948 fortasse
962 1892 1057 1964 plures
1071 1895 1155 1963 (quern
1169 1894 1205 1947 ad
1216 1893 1322 1946 modum
1330 1912 1384 1964 pro

353 1982 459 2035 Milone
476 1982 522 2046 34,
538 1983 570 2034 92
588 1979 643 2034 iam
661 1979 727 2034 satis
745 1977 832 2032 multa
850 1979 884 2032 de
902 1996 999 2043 causa,
1020 1985 1097 2032 extra
1114 1995 1225 2032 causam
1243 1978 1326 2033 etiam
1341 1979 1386 2032 ni-

351 2069 404 2122 mis
421 2067 540 2122 fortasse
550 2066 651 2130 multa;
667 2068 698 2120 de
711 2066 757 2135 off.
770 2067 795 2130 3,
812 2067 851 2130 12,
867 2067 898 2117 51
913 2065 1003 2119 uendo
1021 2081 1112 2118 meum
1130 2081 1186 2117 non
1202 2061 1292 2134 pluris
1304 2082 1385 2134 quam

352 2153 452 2220 ceteri,
471 2153 590 2207 fortasse
609 2152 691 2206 etiam
707 2151 832 2217 minoris;
846 2151 911 2205 ibid.
927 2153 951 2215 2,
968 2152 1008 2215 18,
1024 2153 1080 2215 64),
1095 2151 1164 2204 unde
1176 2154 1291 2219 apparet
1304 2149 1385 2204 etiam

352 2242 389 2294 ad
407 2244 489 2294 totam
505 2239 664 2293 sententiam
677 2238 824 2307 pertinere,
845 2255 899 2290 noa
917 2237 953 2291 ad
969 2253 1025 2290 non
1042 2237 1139 2300 bonos,
1154 2237 1225 2306 quod
1242 2234 1385 2296 ἀσυνδὲτως

353 2327 434 2381 alteri
449 2325 553 2379 nomini
567 2324 645 2379 leues
663 2328 692 2377 ot
707 2323 819 2393 precius
836 2322 964 2376 adiicitur
1050 2323 1108 2375 3re
1120 2321 1150 2375 ia
1161 2339 1260 2376 rasura
1271 2325 1299 2376 A

353 2411 443 2466 danda
459 2414 487 2466 B
590 2413 606 2463 4
625 2411 719 2465 dara-e
737 2411 766 2464 ia
784 2410 922 2463 recurari
1024 2406 1123 2462 mulnl'
1135 2405 1310 2478 polarisirmis
1319 2408 1382 2472 AB,

353 2498 497 2568 dequibus
519 2497 559 2551 aie
582 2497 670 2551 iudico
694 2501 723 2550 at
747 2496 823 2560 olim,
844 2513 891 2548 nee
908 2491 1002 2548 multis
1020 2513 1067 2548 aee
1083 2490 1308 2564 praeclarissimis
1327 2512 1386 2548 eor-

352 2584 495 2638 rectionem
507 2584 635 2653 recr'pere,
650 2583 697 2636 sed
709 2580 833 2636 omasum
845 2599 899 2634 esse
913 2599 1011 2641 uocem,
1026 2580 1083 2634 siue
1095 2579 1230 2633 institutis
1241 2581 1305 2650 fait
1316 2581 1387 2651 quod

349 2674 413 2741 post
429 2665 523 2726 multis
539 2670 631 2739 focile
648 2669 769 2722 excidere
788 2670 899 2737 poterat
922 2665 978 2720 riae
996 2666 1087 2728 aliud,
1107 2665 1153 2719 eui
1174 2666 1239 2719 laec
1261 2667 1314 2720 duo
1337 2685 1385 2720 ao·

353 2755 428 2808 mina
446 2755 634 2814 admoneat,-
652 2752 747 2807 multis
764 2750 990 2824 praeclarissimis
1007 2752 1116 2822 legibus
1134 2752 1283 2807 Lernaeas

355 2855 537 2911 adduceretur
555 2864 586 2910 ut
604 2857 745 2911 deteriores
762 2836 899 2912 addicerdz
917 2874 951 2909 ur
962 2857 990 2910 B
1002 2851 1145 2909 adornaret
1162 2872 1198 2907 ur
1214 2856 1261 2909 sed
1272 2853 1286 2873 1
1298 2875 1312 2909 e
1324 2873 1387 2910 corr

354 2949 379 2996 et
396 2961 432 2996 ut
448 2943 478 2995 in
495 2958 593 2996 rasura
604 2946 630 2996 A
716 2944 731 2993 5
751 2939 855 2996 seder&
866 2944 895 2997 B
911 2941 1019 2996 ceder&
1032 2960 1094 2995 corr
1106 2960 1138 2994 ec
1155 2938 1259 2994 seder&
1271 2944 1300 2994 Α

354 3049 371 3101 6
388 3044 486 3100 incidit
503 3045 631 3099 editiones
648 3044 772 3100 incendit
790 3045 817 3096 B
833 3037 958 3114 incendit
975 3046 1004 3098 Α
1107 3043 1258 3098 τιὼιιιιιτιῐι
1270 3045 1299 3096 Α

355 3135 371 3184 7
389 3129 583 3187 contentiones
597 3136 630 3185 esi
647 3131 796 3184 tribunam
813 3134 841 3186 B
963 3133 979 3183 8
997 3128 1088 3200 plebis
1101 3131 1130 3184 B
1146 3127 1237 3198 plebrl'
1252 3147 1312 3183 corr
1329 3127 1387 3198 ple-

352 3234 407 3306 bei
414 3237 442 3288 Α
547 3219 610 3288 sias
624 3235 678 3296 reli·
692 3235 720 3287 B
823 3236 838 3287 9
857 3232 971 3288 seruicia
983 3233 1012 3287 B
1114 3246 1235 3285 monera
1249 3234 1306 3286 AB
1323 3249 1386 3286 eon·

353 3320 436 3374 citata
452 3320 625 3383 Goereaaiua,
646 3320 717 3374 idem
735 3319 768 3373 de
784 3319 935 3373 inducendo
949 3319 1045 3388 priore
1062 3316 1176 3372 incitata
1187 3333 1213 3370 a.
1225 3319 1241 3370 8
1254 3317 1383 3389 capitano,

352 3409 472 3476 [quorum
488 3407 537 3459 loe
553 3407 683 3460 Halmius
700 3412 726 3460 et
739 3407 866 3459 Baiteras
879 3405 1040 3476 probauerit,
1060 3423 1106 3477 eqo
1121 3404 1212 3475 priua,
1233 3403 1266 3457 ad
1283 3403 1342 3457 iuis
1354 3421 1386 3456 ce

353 3495 526 3546 memoratum
544 3491 662 3562 quidm,
684 3497 788 3546 secutus
806 3509 891 3555 mam,
911 3509 959 3546 nec
972 3496 1068 3561 postea
1086 3481 1316 3554 dubitationem]
1338 3489 1384 3558 Of.

355 3578 476 3648 adsum.
491 3580 535 3643 10,
550 3579 597 3642 33,
612 3579 629 3628 4
647 3594 702 3630 non
720 3576 801 3631 modo
819 3577 944 3632 nationes
963 3576 1012 3631 sed
1030 3575 1112 3629 etiam
1130 3575 1244 3629 seruitio
1267 3573 1386 3630 eoncita-

354 3670 459 3729 turum;
475 3681 529 3733 pro
541 3662 639 3717 Flacco
650 3665 675 3728 8,
693 3663 723 3714 18
736 3662 848 3733 opifices
866 3671 893 3718 et
909 3660 1080 3718 tabernarios
1098 3667 1179 3731 atque
1191 3660 1267 3716 illam
1279 3677 1387 3716 omnem

354 3749 459 3805 faecem
482 3749 627 3803 ciuitatum
644 3749 711 3819 quid
730 3756 772 3803 est
794 3749 899 3819 negotii
916 3748 1066 3814 concitere;
1088 3765 1142 3817 pro
1162 3747 1249 3802 Sestio
1267 3749 1314 3812 24,
1336 3747 1383 3810 53,

353 3836 442 3891 Aead.
454 3855 500 3907 pr.
514 3837 539 3900 2,
553 3837 595 3900 17,
612 3837 661 3888 144
673 3853 726 3906 quo
740 3835 812 3890 enim
824 3841 930 3906 spectat
945 3833 1025 3899 illud,
1039 3852 1101 3889 cum
1118 3832 1233 3887 artificia
1247 3831 1310 3886 tolli
1321 3849 1387 3902 que·

354 3921 424 3977 reris
442 3940 458 3976 a
475 3921 568 3987 nobis,
588 3921 643 3975 nisi
660 3929 692 3975 ut
710 3921 821 3991 opifices
839 3919 1027 3975 concitentur?
1046 3919 1094 3990 qui
1111 3919 1135 3972 si
1152 3917 1275 3988 undique
1292 3934 1387 3972 omnes

354 4008 542 4074 conuenerint,
562 4006 645 4063 focile
662 4015 758 4062 contra
775 4024 827 4062 uos
844 4006 1040 4061 incitabuntur.
1133 4003 1263 4060 adiuncto
1280 4011 1386 4059 terrore

353 4111 484 4166 editiones
493 4111 625 4168 adiuncta
637 4127 730 4164 errore
739 4111 793 4166 &ra
803 4107 917 4164 mrhran
927 4109 956 4162 B
963 4107 1095 4163 adiuncto
1108 4081 1187 4162 eiore
1196 4108 1277 4162 &ram
1285 4105 1387 4161 milne·

354 4197 480 4264 rediere)
553 4198 774 4266 ldnequeomB
844 4198 874 4248 11
888 4195 918 4248 ni
929 4193 1034 4248 addidit
1043 4194 1206 4249 Genauam
1276 4189 1386 4248 curcei·
