3252 4964
349 356 410 420 182
757 360 835 422 1119,
858 360 965 412 19-21

347 528 404 614 qui
434 527 593 612 primum,
619 541 656 592 ut
682 528 784 612 impio
807 531 945 616 dignum
972 532 1050 612 fuit,
1076 534 1224 618 patribus
1252 558 1383 601 omnem

346 631 506 696 honorem
519 633 649 717 eripuit,
667 633 777 697 omnia
791 634 906 698 infima
927 637 1063 700 summis
1086 637 1177 722 paria
1198 638 1286 718 iecit,
1311 650 1382 705 tur—

346 736 455 814 bauit,
480 735 639 815 miscuit3·
655 759 731 800 cum
757 736 938 802 adflixisset
963 740 1152 824 principum
1174 743 1378 825 grauitatem,

347 862 530 923 numquam
551 852 662 904 tamen
685 841 886 923 conquieuit.
909 863 1052 926 namque
1075 854 1113 907 ut
1127 845 1164 908 C.
1180 845 1433 910 Flaminium20

313 957 328 998 ⁵
347 954 445 1027 atque
461 965 507 1022 ea,
533 966 615 1028 quae
637 943 704 1007 iam
725 943 833 1027 prisca
854 943 1010 1009 uidentur
1025 957 1158 1031 propter
1173 958 1379 1028 uetustatem,

347 1047 540 1130 relinquam,
566 1046 645 1131 quid
666 1046 748 1111 iuris
769 1046 864 1110 bonis
886 1047 966 1110 uiris
989 1048 1101 1112 Tiberi
1115 1050 1259 1114 Gracchi
1276 1051 1382 1116 tribu-

347 1159 444 1215 natus
463 1149 616 1233 reliquit?
639 1149 699 1212 etsi
715 1149 942 1233 quinquennio
957 1162 1034 1215 ante
1049 1151 1226 1216 Decimum
1240 1155 1382 1219 Brutum

347 1265 380 1317 et
402 1254 439 1316 P.
456 1252 644 1337 Scipionem
667 1254 824 1332 consules,
844 1275 924 1336 quos
946 1264 980 1317 et
1002 1265 1140 1336 quantos
1162 1255 1258 1336 uiros,
1283 1258 1381 1323 homo

348 1357 497 1421 omnium
522 1356 657 1420 infimus
680 1367 712 1420 et
734 1356 988 1434 sordidissimus,
1014 1357 1166 1422 tribunus
1188 1360 1232 1442 pl.
1256 1351 1385 1426 0011ss

304 1471 330 1514 ²⁰
348 1461 470 1538 natiue,
488 1460 523 1523 in
539 1459 675 1523 uincula
698 1461 845 1540 coniecit,
863 1461 951 1543 quod
973 1470 1048 1524 ante
1069 1461 1194 1525 factum
1214 1484 1283 1526 non
1303 1476 1379 1530 erat.

348 1565 384 1629 C.
402 1586 481 1628 uero
501 1563 645 1629 Gracchi
667 1562 771 1627 ruinis
794 1574 827 1627 et
848 1563 888 1627 iis
911 1562 998 1639 sicia,
1024 1585 1104 1646 quas
1125 1564 1195 1648 ipse
1218 1588 1252 1631 se
1273 1569 1382 1652 proie-

348 1668 429 1733 cisse
451 1668 488 1731 in
509 1667 618 1730 iorum
637 1667 728 1746 dixit,
747 1667 866 1750 quibua
889 1665 1147 1750 digladiarentur
1168 1668 1256 1734 inter
1277 1693 1311 1735 se
1335 1672 1382 1735 ci-

347 1792 414 1848 ues,
428 1792 539 1834 nonne
555 1792 686 1834 omnem
701 1769 748 1833 rei
763 1769 915 1853 publicae
929 1778 1052 1832 statum
1066 1773 1287 1853 permutauit?
1302 1775 1382 1857 quid

347 1873 414 1935 iam
428 1873 469 1937 de
485 1873 672 1953 Saturnino,
690 1873 845 1956 Sulpicio,
863 1872 998 1956 reliquis
1021 1873 1148 1937 dicam?
1164 1896 1245 1957 quos
1266 1900 1309 1941 ne
1324 1880 1382 1942 de-

304 1985 331 2026 1⁶
348 1976 470 2061 pellere
495 1977 629 2060 quidem
652 1999 670 2040 a
692 1999 726 2042 se
749 1975 819 2068 aine
842 1975 927 2040 ferro
948 1976 1057 2060 potuit
1079 1999 1129 2041 res
1151 1979 1293 2062 publica.
1323 1988 1429 2044 cur2l

349 2191 470 2198 ———--.
480 2191 658 2197 --———-

348 2323 418 2394 quod
434 2339 504 2376 auae
520 2321 610 2392 recepi
625 2338 673 2373 car
690 2338 782 2374 ueram
799 2321 910 2374 habeam
927 2319 1129 2376 respirationes
1147 2323 1269 2392 exposui]

347 2411 364 2462 2
382 2408 503 2477 onotrem
521 2409 548 2461 B
565 2406 669 2461 honore
686 2408 732 2462 aad
749 2407 805 2461 hon
822 2407 852 2460 in
869 2425 967 2460 raauru
985 2411 1012 2460 A
1131 2407 1261 2462 rurbabrr
1278 2408 1306 2460 B
1321 2425 1382 2462 rur·

345 2486 426 2567 bahrr
437 2515 464 2566 A
574 2513 591 2562 4
608 2527 726 2582 namque
738 2510 845 2565 Bakiua
862 2527 950 2579 anque
963 2513 1019 2565 AB
1037 2517 1119 2580 atque
1137 2511 1279 2564 deteriores

348 2597 379 2652 0.
396 2596 563 2651 Flaminium
580 2597 722 2650 detonaret
740 2598 773 2651 cri
790 2594 928 2650 flammas
944 2599 972 2651 Β
989 2596 1050 2651 cdm
1072 2600 1106 2662 (m
1124 2613 1186 2649 corr
1202 2615 1235 2649 ex
1251 2600 1276 2661 n)
1296 2595 1381 2650 flamr-

348 2681 412 2736 mus
422 2687 463 2745 A;
483 2688 508 2736 at
519 2682 549 2736 O.
562 2701 617 2737 noa
629 2681 679 2736 On.
692 2701 753 2748 aare,
774 2686 805 2735 ut
822 2690 903 2736 antea
919 2683 1090 2753 culpabatur,
1114 2681 1251 2736 Turnebus
1269 2683 1381 2736 adnota-

347 2786 389 2839 ur't
486 2789 501 2837 5
520 2803 573 2856 arq;
584 2787 648 2857 'carp
661 2787 690 2840 Β
707 2804 760 2857 arq;
780 2803 812 2839 ea
829 2803 883 2866 que
901 2789 971 2852 (corr
988 2803 1020 2840 aa·
1036 2789 1097 2855 que)
1110 2787 1138 2838 A
1242 2787 1258 2839 6
1276 2759 1383 2856 rehipua

348 2874 377 2925 A
394 2869 510 2941 rethqua
520 2874 548 2926 B
640 2871 716 2938 uiris]
733 2869 820 2925 urnas
837 2874 905 2942 [suit
923 2870 1011 2938 unus)
1025 2875 1052 2924 A
1143 2869 1173 2923 Τ.
1186 2870 1231 2924 uel
1241 2869 1283 2923 Ti.
1298 2870 1381 2926 Grac·

348 2958 393 3014 chi
411 2957 539 3012 editiones
555 2955 636 3012 hben
654 2957 765 3028 gracchl
782 2959 839 3012 AB
965 2962 980 3011 7
998 2955 1114 3027 rehqurr
1132 2959 1158 3022 (r
1176 2973 1237 3011 corr
1254 2973 1286 3008 aa
1303 2954 1331 3021 d)
1353 2959 1380 3010 A

445 3078 565 3131 qumque
584 3078 665 3114 annm
677 3062 706 3115 Β
801 3061 838 3114 du
854 3060 942 3115 brurfi
953 3064 981 3116 Β
996 3027 1069 3138 iiiiii
1081 3059 1196 3114 brutum
1213 3055 1269 3122 (rur
1286 3059 1316 3112 in
1333 3078 1382 3114 ra-

347 3168 418 3232 sura)
432 3167 468 3230 A,
488 3163 632 3218 Decimum
648 3164 785 3219 Victorim
888 3165 903 3216 8
920 3151 1098 3234 ᾗ·[οιριοιιθω
1117 3166 1215 3233 (panta
1227 3179 1237 3215 1
1248 3181 1262 3215 a
1274 3167 1341 3229 corr)
1355 3166 1382 3216 A

438 3253 454 3303 9
473 3247 602 3304 infirmus
612 3251 640 3303 Β
657 3247 791 3304 miramus
801 3255 829 3305 A
841 3251 910 3320 (fuit
926 3251 955 3303 ia
973 3250 1022 3302 hoc
1040 3265 1140 3319 quoque
1157 3249 1230 3302 haud
1246 3248 1325 3302 dubie
1342 3267 1382 3302 m·

348 3335 457 3403 firmus)
546 3335 576 3390 O.
586 3333 727 3390 Curiatius
738 3338 912 3402 Aaceaaiana,
928 3333 1062 3390 Victorim
1076 3352 1109 3389 ·c·
1124 3332 1251 3389 curtatus
1257 3337 1314 3389 AB

349 3427 376 3476 11
399 3422 509 3493 gracchi
520 3423 577 3477 AB
589 3422 660 3492 qaod
669 3439 762 3476 aarum
769 3427 837 3492 puto
855 3422 893 3489 [O.
909 3419 1026 3476 Gracchi
1038 3419 1209 3475 tribunatum
1223 3420 1298 3484 dicit,
1314 3421 1384 3490 quod

348 3529 381 3564 ac
397 3529 424 3564 u.
439 3508 619 3572 darciact'tur,
639 3526 694 3562 aon
712 3508 857 3579 difficiliter
869 3525 948 3578 qaam
965 3507 1010 3560 uel
1024 3507 1101 3560 Tuae.
1117 3507 1142 3571 3,
1157 3507 1199 3572 33,
1214 3509 1247 3559 79
1260 3504 1383 3560 consola·

347 3596 388 3649 tio
407 3596 444 3649 ad
461 3593 608 3665 Chrysippi
625 3594 798 3666 penatiuumk
820 3593 961 3647 Gracchus
978 3593 1108 3647 editiones
1220 3598 1249 3646 et
1265 3591 1300 3646 iia
1319 3591 1382 3646 sicia

353 3679 492 3734 Turnebus
507 3681 534 3733 &
551 3678 587 3732 ui
603 3678 676 3734 henr
690 3683 718 3735 Β
741 3677 884 3734 &insertus
900 3683 1012 3750 praeter
1028 3679 1055 3731 &
1072 3677 1102 3731 in
1123 3695 1221 3732 rasura
1240 3681 1283 3742 A,
1304 3682 1330 3730 at
1353 3678 1382 3730 in

348 3782 469 3855 mar-pina
486 3781 598 3852 antiqua
614 3801 696 3837 manu
714 3749 829 3837 excidiis
941 3780 1091 3852 proiecisse
1109 3780 1238 3834 editiones
1254 3777 1381 3852 proiecis-

349 3867 387 3923 i&
404 3870 461 3922 AB
565 3870 596 3921 12
615 3865 804 3939 deglarrareni
815 3870 843 3922 B
860 3865 1094 3938 degladralrenrur
1111 3866 1158 3920 red
1175 3866 1209 3920 de
1227 3885 1288 3920 corr
1305 3867 1335 3920 ia
1352 3865 1379 3938 dJ

263 3949 264 3954 ’
350 3959 375 4008 at
393 3954 438 4009 dra
456 3953 485 4006 in
503 3971 599 4008 rasura
617 3957 644 4008 A
750 3956 781 4007 13
799 3953 974 4026 perturbauit
993 3971 1062 4008 unua
1083 3951 1242 4008 Oxoaiaara‘r
1264 3956 1383 4008 Goeren-

348 4042 392 4106 at'a',
409 4040 569 4111 Madua‘pr'ua
585 4042 655 4111 Opp.
674 4043 696 4105 1,
711 4044 762 4094 472
860 4043 892 4093 14
911 4037 1067 4104 Saturnino,
1083 4035 1205 4108 Sulpicio
1222 4037 1382 4092 Goarcnaiua

349 4141 484 4198 sarurmm
502 4141 633 4214 iupphcro
645 4146 674 4199 B
691 4142 827 4199 iarummr
845 4118 967 4215 iupphdo
979 4146 1006 4198 A
1113 4144 1144 4194 15
1163 4159 1180 4196 a
1198 4138 1225 4195 se
1242 4159 1304 4196 corr
1316 4160 1348 4196 cx
1365 4158 1382 4195 a
