3260 4968
364 401 423 464 128
810 405 834 446 11
854 394 894 456 ιο,
910 394 942 443 45

360 591 439 653 pore
456 578 640 631 extractum
661 567 752 631 haud
774 565 851 630 satis
874 575 1000 628 castum
1022 565 1147 626 donum
1166 563 1236 626 deo.
1259 561 1327 624 iam
1341 583 1395 624 aes

362 683 461 756 atque
489 671 614 735 ferrum
644 669 746 735 duelli
773 669 1005 746 instrumenta,
1038 689 1106 730 non
1133 666 1211 729 fani.
1247 665 1396 750 ligneum

362 785 473 839 autem
499 775 653 858 quodque
680 773 824 836 uoluerit
848 793 916 835 uno
943 793 961 834 e
987 769 1078 855 ligno
1105 769 1221 848 dicato,
1250 769 1396 851 itemque

361 878 538 962 lapideum,
563 877 600 941 iu
623 875 768 941 delubris
788 874 1025 952 communibus,
1043 873 1156 937 textile
1171 894 1214 936 ne
1230 871 1397 956 operosius

331 982 483 1065 ⁵[quam]
509 979 657 1044 mulieris
685 1001 767 1063 opus
798 988 1013 1041 menstruum.
1048 978 1136 1040 color
1165 986 1277 1039 autem
1303 975 1397 1039 albus

362 1084 538 1169 praecipue
555 1083 692 1148 decorus
708 1083 768 1146 deo
792 1092 840 1145 est
862 1101 939 1143 cum
960 1079 997 1144 in
1020 1091 1135 1159 cetero,
1160 1090 1233 1143 tum
1254 1077 1397 1142 maxime

361 1189 399 1251 in
421 1186 537 1266 textili,
562 1187 667 1250 tincta
689 1207 768 1249 uero
791 1184 900 1249 absint
920 1184 985 1247 nisi
1008 1205 1027 1246 a
1048 1181 1174 1246 bellicis
1201 1181 1395 1266 insignibus.

363 1289 569 1353 diuinissima
592 1300 704 1354 autem
726 1290 812 1352 dona
834 1309 911 1351 aues
934 1297 967 1350 et
989 1286 1111 1349 formae
1134 1287 1175 1350 ab
1190 1307 1258 1348 uno
1273 1285 1397 1368 pictore

363 1415 430 1456 uno
447 1393 613 1457 absolutae
637 1393 703 1471 die3
727 1392 872 1475 itemque
895 1401 1003 1454 cetera
1023 1388 1124 1452 huius
1146 1388 1290 1472 exempli
1313 1388 1398 1451 dona

363 1615 503 1703 tumeibor
521 1651 549 1703 B
565 1615 715 1719 rumsseipiur
733 1651 769 1704 H
870 1646 1046 1701 lexstraatb
1066 1647 1094 1700 B
1187 1642 1400 1699 eutaorrhaud

365 1753 425 1805 AB
433 1717 483 1805 liii
496 1755 547 1817 (rea
566 1755 696 1822 super-ser)
721 1753 757 1806 H
857 1749 921 1814 deo]
938 1748 973 1802 (16
992 1750 1058 1803 BH
1155 1747 1243 1803 lamas
1259 1751 1295 1802 Η

364 1857 380 1907 2
399 1853 485 1908 duelli
502 1855 684 1909 instrumenta
701 1853 846 1909 deteriores
864 1851 966 1907 duelhs
979 1826 1079 1929 uilium
1091 1853 1121 1904 B
1137 1850 1252 1905 duellis*
1263 1825 1400 1928 uiinenta

369 1956 390 2023 (s
406 1977 419 2011 e
437 1965 505 2024 corr)
527 1961 556 2012 A
574 1956 690 2028 duelssli
709 1956 813 2011 sruffita
831 1959 867 2012 H
953 1955 1078 2011 fiinfam
1096 1956 1125 2008 Β
1214 1953 1340 2024 ligneum
1357 1956 1400 2008 da·

364 2045 475 2098 tortores
491 2042 571 2113 hgnu
590 2045 686 2098 ΑΒΗ
777 2045 792 2095 3
812 2041 995 2112 quodcunque
1013 2041 1157 2096 deteriores
1173 2040 1249 2110 quod
1267 2041 1316 2110 qui
1331 2041 1401 2094 Tur-

364 2130 446 2183 nebus
463 2129 538 2200 quod
555 2129 617 2200 quis
631 2129 789 2192 Lambinus,
805 2129 967 2198 Maduiqlua
985 2129 1016 2181 de
1025 2129 1081 2198 fia.
1089 2145 1121 2197 p.
1133 2128 1183 2178 832
1195 2125 1270 2196 quod
1283 2127 1400 2196 quisque

366 2217 515 2271 Metelloaue
602 2214 728 2270 dedicato
744 2215 880 2270 Victorius
897 2213 989 2268 dicato
1002 2213 1134 2268 Halmius
1145 2203 1209 2267 aare
1222 2213 1319 2267 ΑΒΗ

365 2322 381 2370 4
401 2317 519 2372 d11ubnl'
535 2321 564 2372 A
582 2293 731 2373 indilubnl'
747 2320 784 2372 H
893 2314 1025 2370 texulene
1043 2319 1080 2371 H
1192 2318 1207 2366 5
1231 2321 1287 2385 qua
1309 2332 1401 2382 auper-

366 2406 496 2479 sorlplum
506 2423 588 2459 mauu
600 2405 714 2475 antiqua
733 2407 762 2458 A
769 2425 777 2469 ;
796 2408 884 2474 [quara
897 2422 950 2457 aon
962 2403 1067 2456 iniuria
1079 2401 1229 2466 dubitatur,
1249 2419 1314 2455 uum
1331 2405 1401 2454 reela

365 2508 449 2561 quam
461 2489 587 2556 addatur,
608 2509 667 2544 oum
681 2491 843 2562 praesertim
857 2491 937 2544 Plato
954 2490 985 2542 ia
1002 2490 1093 2543 eudem
1105 2485 1256 2557 orationali
1270 2488 1399 2552 omiserit,

365 2582 391 2630 el
408 2579 497 2631 abesse
509 2577 630 2647 poluisse
644 2577 811 2648 particulam
827 2578 914 2630 mulla
932 2575 1256 2645 examplaalemoualraul,
1272 2577 1309 2643 as.
1324 2579 1399 2627 uual.

365 2663 442 2716 acad.
457 2663 520 2714 1881
536 2678 568 2730 p.
581 2662 638 2726 349]
741 2662 894 2717 mestruum
913 2664 950 2717 H
1040 2665 1238 2732 bpraeupuae
1256 2661 1285 2713 Β
1301 2665 1402 2741 pupae

365 2767 393 2818 A
412 2781 465 2834 que
484 2763 621 2844 prolapus
641 2765 677 2818 H
759 2764 876 2820 decorus
887 2767 915 2819 B
933 2740 1050 2831 dooirul
1060 2767 1096 2820 H
1110 2763 1220 2842 ‹leooloa
1238 2769 1305 2841 aaut}
1323 2761 1404 2840 albus

366 2873 467 2950 poppae
485 2865 602 2921 decorus
616 2868 645 2919 A
771 2885 865 2922 cetero
884 2871 912 2923 B
930 2875 1026 2923 oeteru
1043 2887 1105 2922 corr
1121 2885 1216 2922 cetero
1233 2870 1261 2921 A
1279 2884 1402 2947 aeterum

368 2971 537 3028 Heiaaiauua
555 2969 654 3025 ceteris
672 2971 816 3024 deteriores
909 2989 971 3024 eum
989 2990 1082 3025 corrt
1101 2973 1137 3026 H
1223 2961 1356 3036 mammae
1374 2971 1401 3024 Β

454 3060 554 3110 Saues
571 3056 706 3111 Victorius
723 3056 828 3112 habens
842 3059 937 3111 ΑΒΗ
1018 3056 1106 3110 forme
1125 3057 1162 3111 H
1243 3073 1351 3134 pictore
1371 3056 1407 3108 H

453 3146 469 3196 9
487 3141 632 3198 absolutae
650 3146 679 3198 Β
702 3142 829 3197 absolute
848 3145 884 3196 H
901 3142 1029 3196 absoluto
1048 3161 1109 3196 corr
1126 3140 1253 3196 absoluta
1270 3144 1298 3195 A

368 3247 440 3302 dona
458 3254 539 3301 sunto
564 3247 694 3300 editiones
718 3245 874 3300 donarunt
890 3248 956 3299 ΑΗ
976 3245 1048 3300 dona
1066 3245 1080 3300 l
1099 3248 1128 3301 Β
1231 3245 1310 3299 Plalo
1332 3245 1399 3315 Lep.

369 3335 409 3397 12,
424 3336 474 3386 955
492 3353 505 3387 e
522 3339 555 3404 γῆ
576 3334 622 3402 μὲν
641 3332 685 3386 οὖν
705 3331 775 3385 ἑστία
792 3351 819 3384 τε
838 3332 963 3403 οἰκήσεως
982 3332 1037 3402 ἱερὰ
1054 3337 1116 3385 πᾶσι
1127 3331 1228 3386 πάντων
1247 3330 1331 3386 θεῶν·
1352 3349 1401 3400 μη-

368 3418 422 3478 δεὶς
441 3419 484 3473 οὖν
504 3419 628 3490 δευτέρως
648 3417 703 3490 ἱεροὶ
725 3416 884 3488 καθιερούτω
907 3415 990 3477 θεοῖς·
1012 3418 1107 3489 χρυσὸς
1130 3417 1159 3470 δὲ
1181 3418 1226 3471 καὶ
1247 3417 1356 3489 ἄργυρος
1375 3417 1401 3468 ἐν

367 3504 457 3564 ἄλλοις
479 3504 581 3558 πόλεσιν
606 3503 656 3574 ἰδία
678 3523 706 3556 τε
729 3504 773 3557 ναὶ
797 3504 822 3556 ἐν
851 3504 930 3574 ἱεροῖς
957 3504 1022 3556 ἐστιν
1051 3502 1189 3576 ἐπίφθονον
1217 3511 1321 3575 κτῆμα,
1346 3501 1403 3555 ἐλέ-

369 3609 418 3662 φας
438 3591 465 3643 δὲ
489 3590 692 3649 ἀπολελοιπότος
716 3590 803 3662 ψυχὴν
827 3592 944 3658 σώματος
967 3590 1015 3643 οὐκ
1038 3589 1142 3661 εὐχερὲς
1164 3589 1302 3660 ἀνάθημα,
1329 3589 1402 3658 σίδη-

369 3694 413 3746 ρος
439 3676 468 3729 δὲ
491 3677 534 3730 καὶ
560 3675 657 3748 χαλκὸς
684 3676 805 3745 πολέμων
834 3675 945 3748 ὄργανα·
971 3675 1046 3738 ξύλου
1075 3676 1103 3729 δὲ
1126 3675 1265 3746 μονόξυλον
1289 3675 1302 3728 ὅ
1325 3693 1349 3727 τι
1372 3672 1402 3726 ἂν

368 3760 448 3834 ἐθέλῃ
470 3780 508 3820 τις
533 3760 688 3827 ἀνατιθέτω,
713 3763 757 3814 καὶ
774 3760 849 3815 λίθου
869 3760 1003 3826 ὡσαύτως,
1025 3763 1088 3834 πρὸς
1104 3761 1137 3814 τὰ
1153 3763 1227 3816 uolui
1247 3761 1314 3831 ἱερά,
1335 3759 1403 3831 ὑφὴν

369 3849 397 3901 δὲ
424 3848 460 3919 μὴ
485 3846 563 3900 πλέον
584 3848 656 3918 ἔργον
675 3849 794 3919 γυναικὸς
813 3854 872 3916 μιᾶς
891 3847 1023 3918 ἔμμηνον·
1049 3851 1175 3922 χρώματα
1199 3848 1227 3900 δὲ
1244 3845 1325 3900 λευκὰ
1342 3846 1405 3916 πρέ·

368 3932 441 3988 ποντ’
464 3933 493 3988 ἂν
518 3933 588 3994 θεοῖς
612 3933 654 4005 εἴη
678 3935 722 3988 οιαὶ
745 3933 838 3987 ἄλλοθι
859 3934 903 3986 καὶ
927 3935 953 3987 ἐν
979 3933 1043 4007 ὑφῇ,
1069 3935 1192 4006 βάμματα
1215 3933 1243 3986 δὲ
1267 3933 1303 4004 μὴ
1322 3949 1403 4002 προσ-

369 4020 452 4090 φέρειν
475 4013 533 4073 all*
554 4018 572 4090 ἢ
597 4021 659 4091 πρὸς
676 4021 709 4074 τὰ
727 4019 842 4088 πολέμου
861 4020 1031 4091 κοσμήματα·
1051 4020 1174 4076 θειθτατα
1195 4019 1223 4072 δὲ
1246 4019 1317 4090 δῶρα
1335 4017 1404 4087 ὄρνι-

368 4106 413 4167 θές
430 4125 458 4159 τε
476 4107 519 4160 ναὶ
537 4105 682 4178 ἀγάλματα,
702 4107 798 4176 ὅσαπερ
817 4104 847 4158 ἂν
868 4105 894 4158 ἐν
914 4108 960 4178 μιᾷ
978 4107 1112 4179 ζωγράφος
1123 4106 1210 4177 ἡμέρᾳ
1223 4105 1261 4164 εἶς
1273 4103 1401 4176 ἀποτελῇ·

368 4193 411 4244 καὶ
431 4181 516 4246 τᾶλλα
538 4193 604 4247 ἔστω
631 4193 698 4246 κατὰ
721 4192 753 4246 τὰ
777 4198 881 4246 τοιαῦτα
903 4192 1058 4263 ἀναθήματα
1082 4191 1259 4264 μεμιμημένα.
