3250 4974
637 442 691 505 18,
713 443 839 505 25-9,
861 443 894 494 26
1242 443 1282 504 27

250 615 306 678 sed
329 613 428 677 etiam
450 614 601 698 pecudes,
627 613 714 695 quod
728 613 940 697 perspicuum
955 612 1005 692 sit,
1022 611 1142 696 partim
1158 633 1226 676 esse
1242 611 1284 675 ad

250 737 347 780 usum
368 716 550 796 hominum,
575 715 695 800 partim
717 717 759 779 ad
778 716 932 795 fructum,
953 715 1074 800 partim
1089 715 1131 778 ad
1145 737 1284 779 uescen-

199 820 329 885 tadum
350 830 543 903 procreatas.
567 829 652 883 artes
674 841 753 883 uero
772 819 1030 884 innumerabiles
1044 829 1191 902 repertae
1206 830 1285 882 sunt

250 924 387 987 docente
413 934 539 1001 natura,
569 944 668 1008 quam
694 923 821 986 imitata
847 913 940 987 ratio*
957 944 1008 987 res
1035 922 1076 985 ad
1097 921 1202 985 uitam
1224 943 1285 986 ne·

216 1026 403 1094 ltcessarias
433 1027 581 1091 sollerter
609 1036 784 1092 consecuta
810 1037 867 1092 est.
902 1027 1011 1110 ipsum
1038 1035 1149 1088 autem
1175 1024 1319 1087 homi-a
1423 1034 1427 1044 ’

250 1151 327 1193 nem
350 1129 465 1193 eadem
488 1141 607 1193 natura
631 1152 699 1194 non
723 1132 830 1194 solum
855 1130 1021 1194 celeritate
1044 1127 1165 1192 mentis
1187 1149 1284 1191 orna-

249 1233 308 1312 uit,
332 1233 390 1296 sed
413 1243 445 1297 et
467 1254 581 1297 sensus
604 1243 772 1317 tamquam
794 1233 949 1298 satellites
969 1231 1128 1296 adtribuit
1143 1253 1180 1295 ae
1195 1253 1285 1296 nun-

250 1335 321 1415 tios,
347 1346 380 1400 et
394 1357 505 1400 rerum
518 1336 737 1420 plurimarum
752 1338 904 1402 obscuras
926 1357 988 1400 nee
1011 1336 1089 1400 satis
1112 1355 1161 1393 *a
1185 1335 1286 1398 intel·

249 1440 408 1524 legentias
427 1440 588 1503 enudauit
603 1440 696 1523 quasi
710 1440 927 1504 fundamenta
942 1439 1103 1524 quaedam
1118 1438 1282 1518 scientiae,

353 1631 365 1681 1
385 1629 461 1699 quod
483 1630 530 1696 (sic
541 1631 569 1682 A
581 1631 690 1700 quoque)
709 1628 887 1700 perspicuum
906 1627 951 1695 sit,
972 1646 1039 1699 quaa
1057 1627 1180 1682 certatim
1198 1627 1284 1682 corri-

247 1733 308 1786 gere
328 1715 495 1780 studuerunt,
515 1715 664 1769 uindicauit
676 1715 840 1786 Madut'yiua
857 1711 972 1770 Emend.
993 1715 1023 1767 a'a
1042 1715 1098 1769 oie.
1118 1715 1165 1768 ut.
1183 1714 1282 1784 philea.

156 1841 159 1850 l
244 1818 276 1870 p.
298 1803 313 1853 8
332 1819 370 1871 sq.
476 1818 588 1871 partum
606 1819 668 1856 corr
685 1818 805 1872 partum
823 1803 851 1856 Β
954 1799 990 1854 ad
1007 1799 1087 1855 ulum
1103 1802 1132 1854 A
1153 1798 1285 1854 adsutum

251 1886 372 1952 (uidetur
390 1885 524 1940 adhulum
536 1887 642 1957 fuisse)
663 1890 692 1943 B
709 1886 745 1941 ad
762 1886 829 1941 ulus
844 1888 880 1941 H
971 1889 986 1940 2
1004 1887 1149 1941 fructuum
1165 1888 1194 1939 A
1210 1885 1286 1939 fruo-

247 1975 302 2025 rud
323 1991 385 2026 corr
402 1972 518 2026 lrucrds
537 1975 565 2028 Β
588 1972 713 2028 fructum
732 1975 768 2028 H
901 1971 1061 2027 u1lcendum
1085 1991 1147 2027 corr
1163 1971 1214 2026 uel
1228 1973 1285 2027 AB

248 2057 413 2112 uescendum
432 2058 469 2111 H
581 2059 685 2114 sams
700 2076 762 2114 corr
780 2059 810 2114 el
824 2060 880 2112 AB
897 2057 983 2114 Artes
999 2060 1035 2114 H
1142 2075 1203 2112 uno
1222 2074 1285 2112 corr

247 2161 314 2198 uero
332 2146 360 2196 A
481 2143 690 2200 mnumerabilil
710 2163 773 2200 corr
795 2143 825 2198 el
839 2147 896 2198 AB
919 2142 1133 2199 mnumerabiles
1149 2145 1186 2198 H

248 2246 329 2300 repre
348 2231 389 2293 H,
410 2248 473 2284 corr
489 2248 521 2311 tq
538 2231 566 2283 B
681 2234 696 2283 5
715 2229 833 2285 solertas
848 2249 910 2285 corr
929 2229 1045 2285 solerter
1062 2232 1118 2284 AB
1136 2225 1234 2285 sollert
1253 2230 1290 2284 H

329 2314 476 2370 consecuta
491 2319 513 2381 (τ
525 2334 596 2381 corr,
611 2335 643 2371 ea
654 2335 664 2370 1
676 2322 706 2370 ut
718 2317 835 2383 uidetur)
852 2318 889 2371 H
971 2319 986 2370 6
999 2315 1163 2371 eaeleurare
1175 2317 1203 2370 B

251 2421 265 2469 7
280 2417 328 2473 sed
340 2417 365 2472 ei
377 2419 485 2473 Baletus
554 2393 693 2488 adrnburr
705 2422 761 2474 AB
773 2419 921 2489 adimbuta
933 2421 970 2474 H
1033 2417 1150 2473 nuncios
1159 2421 1182 2485 (c
1193 2403 1285 2472 muta·

218 2514 221 2520 '
250 2510 304 2558 tum
317 2503 346 2557 ta
357 2508 379 2571 τ)
393 2506 421 2558 A
507 2506 523 2557 8
541 2523 592 2560 nec
610 2505 678 2560 saul
692 2504 903 2576 intellegendas
916 2510 1049 2560 mutatum
1066 2505 1096 2559 tu
1114 2504 1219 2574 gendal
1227 2505 1284 2559 AB

248 2606 299 2644 nec
317 2588 402 2658 lans}
417 2588 628 2660 mrellegennas
642 2593 679 2646 H
680 2614 689 2653 ,·
709 2591 777 2648 satis
794 2591 920 2664 (apertas)
931 2591 1080 2646 Lambinus
1098 2589 1165 2645 satis
1180 2589 1286 2660 (claras)

249 2675 408 2746 Madua'qtua
434 2676 501 2730 satis
519 2675 706 2748 (inlustratus)
724 2679 851 2744 Beier-ua,
873 2696 986 2750 quomam
1007 2679 1055 2732 hoc
1069 2677 1285 2749 praeferendum

249 2762 356 2815 uidetur
368 2767 484 2832 propter
503 2765 532 2830 1,
553 2766 599 2830 22,
620 2766 653 2818 59
672 2764 751 2835 quasi
770 2764 946 2819 adumbratas
964 2761 1169 2833 intellegentias
1184 2805 1190 2816 .
1204 2804 1209 2816 .
1224 2760 1286 2841 qui-

247 2863 300 2918 bus
323 2862 488 2920 inlustratis.
595 2871 611 2920 9
630 2868 765 2923 enudaulr
781 2872 808 2922 A
832 2841 972 2938 enudamd
990 2871 1019 2923 Β
1037 2865 1171 2921 enodaum
1190 2867 1226 2920 H
1237 2865 1285 2932 [in-

247 2949 359 3004 choauit
370 2953 495 3006 Auratua
511 2958 537 3006 ct
547 2954 596 3006 loc
610 2955 675 3020 (etue
692 2953 844 3018 incohauit)
860 2952 1009 3024 probatum
1021 2952 1164 3021 Muduiqto
1179 2953 1283 3021 (defin.

245 3054 277 3107 p.
299 3038 360 3101 709)
386 3037 508 3107 plerique
531 3057 602 3093 auec
624 3042 701 3095 edere
724 3041 810 3094 soleat
833 3039 987 3094 coniectura
1010 3038 1054 3092 usa'
1076 3039 1143 3092 satta
1164 3038 1284 3092 incerta.-

249 3122 347 3192 qua'ppe
367 3122 397 3176 a'd
416 3124 527 3178 uerbum
544 3125 594 3180 etei
611 3144 670 3179 cum
687 3125 875 3181 fundamentis
887 3127 949 3179 deae
962 3123 1144 3195 coniungitur,
1158 3122 1284 3193 quonium

249 3208 326 3262 ettad
343 3211 496 3264 structurae
515 3228 598 3282 genus
615 3213 735 3282 sequitur
754 3214 843 3282 (cous.
854 3229 886 3280 p.
902 3213 948 3276 49,
965 3212 1000 3276 1),
1020 3228 1075 3264 uon
1092 3210 1132 3263 ita
1151 3210 1285 3263 commode

249 3295 320 3348 inter
337 3293 473 3351 adtribuit
495 3301 521 3349 et
546 3295 623 3353 dedit
646 3298 764 3352 medium
781 3298 921 3368 interponi
935 3297 1059 3358 uidetur:
1073 3301 1219 3365 praeterea
1237 3295 1285 3348 ob·

249 3396 344 3435 scurae
362 3398 413 3435 nec
431 3380 499 3435 satis
517 3380 606 3436 clarae
624 3381 830 3454 intellegentiae
848 3384 923 3454 ipsae
940 3387 1003 3436 aaut
1020 3380 1164 3435 inchoatae
1186 3384 1232 3453 (cs.
1249 3399 1282 3450 p.

248 3469 296 3532 29,
317 3468 347 3532 8,
375 3469 422 3532 31,
444 3469 491 3533 6);
518 3467 607 3538 itaque
629 3485 721 3524 rerum
743 3468 925 3540 plurimarum
947 3466 1153 3537 intellegentias
1171 3465 1201 3519 in
1226 3465 1285 3520 ani-

247 3552 300 3607 mis
311 3552 454 3608 inchoauit
466 3553 546 3623 quasi
556 3554 743 3618 'fundamenta
761 3554 893 3610 scientiae
910 3561 973 3624 apte
985 3554 1100 3624 quidun,
1120 3553 1210 3606 miuus
1221 3556 1286 3622 apte

248 3639 379 3695 obscuras
396 3656 447 3693 nec
466 3637 533 3693 satis
551 3638 648 3706 claras,
669 3641 696 3694 d.
712 3660 733 3694 e.
749 3639 900 3704 inchoatas,
920 3638 1125 3709 intellegentias
1142 3636 1286 3693 inchoauit

249 3725 333 3779 scribi
345 3727 448 3796 potuit·
469 3725 601 3796 quocirca]
619 3724 735 3779 donauit
747 3731 896 3796 praeeunte
915 3726 1037 3781 Krauea'o
1056 3731 1084 3780 et
1100 3724 1217 3779 donauit
1229 3741 1285 3793 pu-

249 3811 308 3864 taut
323 3811 420 3865 abiisse
442 3812 471 3866 tu
489 3809 623 3865 enudauit
639 3811 697 3864 stae
716 3811 848 3866 enodauit
867 3816 972 3879 (errore
983 3812 1127 3882 frequenti
1143 3828 1194 3881 quo
1212 3809 1286 3864 dono

249 3900 275 3952 et
285 3896 368 3962 nodo,
384 3896 463 3952 domo
476 3903 501 3951 et
511 3896 592 3950 modo
607 3897 764 3966 permutari
776 3898 881 3963 solent),
896 3897 937 3951 ita
948 3904 1025 3951 ratas
1042 3898 1071 3950 ta
1088 3903 1183 3967 aperto
1201 3897 1285 3950 utiam

249 3983 280 4036 ob
299 3999 407 4036 caueam
425 3983 571 4038 interstitio
590 3983 670 4036 umal
688 3983 803 4038 atterum
814 3983 924 4037 uerbum
937 3983 1073 4037 interiisse
1084 3984 1286 4052 totamquesoc-
1391 3989 1394 3996 '

246 4085 319 4121 mam
340 4068 472 4123 orationis
494 4071 565 4124 hauc
581 4069 674 4140 futare
692 4087 784 4124 rerum
800 4068 982 4140 plurimarum
998 4069 1130 4122 obscuras
1147 4084 1198 4121 nec
1216 4066 1285 4121 satis

245 4152 422 4223 <inlustratas
440 4153 579 4224 ingenuit)
602 4153 807 4224 intellegentias
826 4162 854 4210 et
871 4155 987 4209 donauit
1003 4153 1083 4225 quasi
1103 4152 1283 4207 fundamenta

246 4240 382 4310 quaedam
400 4238 539 4295 scientiae.
562 4241 607 4312 Os.
621 4241 651 4294 de
660 4243 717 4309 flu.
732 4244 758 4307 5,
773 4243 815 4306 21,
831 4243 863 4293 59
881 4240 1062 4311 ingenuitque
1081 4238 1139 4293 sine
1158 4237 1283 4293 doctrina
