3250 4974
667 427 722 490 18,
742 427 855 477 24—25
1239 428 1280 489 25

244 621 328 684 quae
342 598 473 684 fragilia
482 608 590 662 essent
605 607 638 662 et
653 598 784 675 caduca,
802 596 951 662 animum
966 618 1035 662 esse
1050 597 1280 683 ingeneratum

244 725 263 766 a
279 703 348 767 deo.
366 723 408 767 ex
423 723 487 786 quo
502 723 581 766 uere
596 702 652 764 uel
667 700 797 785 agnatio
812 700 908 765 nobis
923 722 1000 763 oum
1015 701 1209 766 caelestibus
1224 703 1279 768 uel

244 828 348 892 genus
371 806 425 869 uel
449 805 546 890 stirps
568 803 728 889 appellari
753 813 869 887 potest.
896 803 1008 888 itaque
1036 826 1077 868 ex
1103 814 1152 870 tot
1177 827 1278 891 gene-

244 909 334 974 ribus
354 909 486 972 nullum
507 919 556 973 est
574 907 698 972 animal
717 918 845 990 praeter
862 906 1038 986 hominem,
1057 909 1145 991 quod
1158 908 1279 974 habeat

243 1012 396 1084 notitiam
410 1012 554 1096 aliquam
569 1011 630 1090 dei,
648 1010 793 1094 ipsisque
812 1010 848 1074 in
869 1010 1059 1075 hominibus
1082 1011 1176 1074 nulla
1197 1033 1277 1096 gens
1308 1029 1320 1069 ⁵

243 1126 293 1180 est
318 1137 426 1198 neque
452 1125 522 1178 tam
547 1125 719 1178 mansueta
746 1135 855 1197 neque
882 1124 951 1178 tam
977 1115 1057 1194 fera,
1088 1135 1172 1198 quae
1198 1137 1274 1194 non,

244 1219 342 1283 etiam
369 1218 397 1283 si
424 1218 553 1304 ignoret
580 1217 711 1301 qualem
736 1217 857 1281 habere
884 1218 984 1281 deum
1010 1219 1136 1298 deeset,
1166 1228 1276 1282 tamen

192 1322 434 1386 25habendum
461 1321 551 1386 sciat.
580 1343 708 1404 exque
731 1320 874 1385 efficitur
895 1321 988 1399 illud,
1013 1331 1051 1386 ut
1073 1321 1101 1386 is
1123 1331 1277 1407 agnoscat

244 1428 350 1504 deum,
373 1425 437 1509 qui,
460 1425 549 1489 unde
568 1434 658 1488 ortus
677 1424 727 1502 sit,
749 1423 842 1507 quasi
860 1423 1048 1488 recordetur
1063 1432 1093 1488 et
1112 1436 1275 1510 agnoscat.

243 1595 330 1650 ferme
347 1599 375 1650 A
485 1597 497 1647 1
518 1612 571 1665 que
589 1613 651 1649 oon·
668 1612 722 1676 quq
739 1597 768 1650 B
874 1593 984 1665 flagrare
1001 1596 1030 1649 B
1046 1594 1154 1666 flagitia
1172 1599 1210 1652 H
1221 1597 1276 1650 fra-

242 1680 308 1752 grha
324 1684 353 1735 A
370 1683 417 1736 sed
434 1699 448 1735 r
466 1686 491 1735 el
508 1679 520 1734 l
536 1700 550 1734 e
568 1699 630 1735 corr
746 1682 858 1746 2uere]
880 1698 942 1736 aare
962 1682 998 1736 H
1108 1698 1214 1753 agnino
1234 1683 1274 1745 H,

242 1769 273 1823 in
289 1768 411 1842 margine
429 1768 466 1821 ad
482 1768 552 1821 lune
569 1785 676 1820 uersum
692 1785 709 1820 a
726 1766 856 1836 seriptum
874 1772 913 1822 est
1004 1766 1117 1838 3stirps
1134 1769 1198 1822 olim
1215 1787 1276 1822 eor-

242 1859 342 1908 reelum
362 1853 459 1924 surprs
472 1854 565 1908 ΑΒΗ
668 1850 783 1922 apellari
800 1854 867 1907 ΑΗ
974 1853 1108 1908 Fonnam
1132 1855 1276 1908 sententiae

242 1958 275 1994 ex
298 1957 353 2010 quo
364 1981 371 1994 .
384 1982 390 1994 .
401 1937 535 2009 appellari
559 1944 652 2009 potest
675 1938 826 1993 illustrauit
844 1939 1003 2011 Madniqins
1021 1941 1138 1994 Emend.
1160 1941 1273 1994 Isieion.

236 2044 268 2096 p.
289 2027 338 2079 367
443 2026 460 2076 4
477 2023 615 2089 habeam*
638 2027 676 2090 (ar
693 2042 755 2079 corr
773 2025 803 2078 in
821 2042 928 2091 rasura,
946 2025 1005 2094 fuit
1022 2031 1053 2080 nl
1069 2025 1177 2081 uidetur
1194 2026 1275 2082 hab&

241 2110 286 2176 ad)
309 2113 337 2168 B
357 2109 478 2164 habear*
501 2113 546 2176 (ar
562 2128 624 2164 corr
641 2129 674 2164 ae
689 2113 718 2177 τ)
740 2114 768 2164 A
791 2110 967 2180 habeatlsed
990 2130 1021 2166 at
1044 2113 1073 2165 in
1097 2131 1144 2167 ras
1162 2131 1224 2167 eorr
1244 2114 1280 2167 H

343 2199 359 2249 5
379 2195 499 2267 aliquam
517 2194 571 2250 dei.
591 2194 715 2266 ipsisque
732 2194 762 2248 in
779 2195 938 2250 hominibus
957 2198 995 2252 R.
1010 2198 1165 2268 Stephanus
1182 2197 1275 2269 ahqua

241 2281 275 2336 de
292 2281 358 2352 1pt1t
372 2300 439 2353 qum
461 2280 589 2343 homimis·
608 2284 636 2336 B
649 2300 689 2352 pr
707 2279 799 2351 ahun
823 2280 923 2334 deins*
941 2299 1008 2359 qum
1025 2283 1153 2344 hominib:
1171 2286 1275 2354 eorrB

239 2401 366 2471 aliquado
379 2404 383 2472 l
398 2384 804 2480 *******·ffii'i?*?iiii³¹li'
816 2402 852 2467 (in
870 2419 967 2457 rasura
985 2402 1019 2456 de
1036 2402 1176 2475 1ps1sfare
1193 2422 1275 2476 ogno-

239 2506 337 2570 scitnr;
357 2505 391 2561 de
409 2507 469 2572 (sie)
490 2505 519 2560 in
537 2505 609 2560 exitu
626 2523 720 2560 nereus
736 2505 844 2560 uidetur
861 2523 915 2560 non
932 2506 1027 2576 prima
1044 2524 1126 2561 monn
1144 2507 1274 2580 seriptum

239 2595 303 2658 asse)
330 2593 358 2644 A
381 2590 575 2662 ahquam·De
600 2591 667 2662 ipsis
686 2592 768 2662 quide
796 2591 853 2657 (uls
875 2591 905 2645 in
927 2595 1036 2658 rasura)
1062 2592 1221 2648 hominibus
1243 2595 1279 2648 H

342 2661 469 2767 null⁸a⁰fe¹sr
486 2697 514 2748 A
619 2698 635 2749 6
652 2681 819 2766 mansodiaip
834 2697 862 2750 B
879 2682 1023 2750 mansuetis
1039 2697 1067 2748 A
1085 2696 1229 2751 mansueta
1243 2698 1280 2751 H

342 2784 357 2833 7
370 2799 453 2861 qnam
466 2782 503 2836 H
581 2782 663 2854 Oonf.
678 2783 710 2836 de
723 2782 809 2836 diesin.
823 2783 846 2846 1,
860 2784 883 2847 1,
896 2784 912 2835 2
925 2788 1035 2851 gentem
1045 2781 1158 2853 quidem
1170 2782 1274 2837 nullam

237 2865 320 2921 uideo
335 2883 424 2936 neque
436 2873 492 2921 tam
503 2867 650 2922 humanam
662 2875 744 2939 atque
756 2868 865 2923 doctam
876 2885 964 2938 neque
975 2874 1033 2923 tam
1044 2867 1190 2923 immanem
1205 2877 1274 2923 tam·

237 2971 291 3024 que
303 2952 455 3018 barbaram,
473 2971 544 3024 quae
556 2972 612 3008 non
626 2953 884 3058 signifiepgfutura
899 2996 904 3008 .
919 2996 925 3008 .
939 2961 1058 3010 senseat.
1158 2957 1174 3006 8
1186 2953 1273 3036 gister-

237 3074 286 3110 eur
304 3058 341 3111 H
457 3031 745 3136 illide'ifhtsagnosoar*
772 3056 912 3127 quisunde
934 3060 980 3124 (at
997 3056 1026 3110 in
1044 3074 1142 3111 rasura
1161 3077 1223 3112 oorr
1241 3077 1273 3112 es

237 3178 290 3214 unt
306 3165 336 3213 nt
353 3159 466 3226 uidetur)
482 3163 510 3214 A
616 3179 652 3216 ur
668 3160 794 3232 1gn0soar
806 3162 843 3215 H
941 3164 957 3213 9
975 3178 991 3214 o
1009 3159 1060 3214 tus
1075 3178 1138 3214 corr
1156 3159 1236 3214 ortus
1245 3163 1274 3214 A

340 3245 500 3300 recordetur
518 3253 546 3302 et
563 3254 694 3316 agnoscat
714 3247 861 3313 Turnebus,
883 3248 920 3300 R.
933 3247 1086 3316 Stephanus
1102 3245 1271 3314 recordetur!

237 3347 369 3417 agnoscar
380 3351 408 3401 A
419 3322 582 3404 recordetur
594 3325 706 3428 edgnosl
714 3368 762 3405 eat
771 3351 799 3402 B
809 3349 973 3405 recordetur
985 3347 1134 3418 cognoseat
1147 3350 1183 3404 H

238 3458 370 3522 agnoscat
381 3469 470 3524 prout
488 3454 591 3508 deletur
609 3454 641 3507 ab
661 3454 775 3508 Halmio
794 3459 820 3507 et
837 3453 962 3518 Baitero,
983 3451 1054 3522 quod
1068 3451 1180 3506 uerbum
1192 3468 1272 3522 quom

237 3538 429 3608 optnmsuerit
440 3539 502 3592 luia
513 3541 657 3594 sententiae
668 3541 712 3594 nel
723 3541 773 3594 illa
787 3539 975 3594 doeentAead.
981 3544 1056 3608 post.
1070 3539 1094 3604 1,
1107 3539 1132 3606 3,
1141 3541 1156 3590 9
1166 3544 1197 3591 ut
1209 3555 1272 3608 pos·

237 3639 327 3676 semus
345 3621 494 3693 aliquando
512 3625 560 3695 qui
579 3633 606 3680 et
623 3625 672 3680 ubi
691 3643 813 3680 essemus
831 3641 989 3694 agnoscere,
1010 3630 1034 3678 et
1047 3625 1076 3678 in
1090 3624 1223 3690 Pison6,
1240 3627 1271 3678 12

236 3707 296 3780 ipse
320 3715 394 3764 certe
414 3718 546 3780 agnoscet
564 3719 591 3766 et
608 3729 670 3765 eum
688 3707 781 3782 aliquo
800 3710 895 3768 dolore
912 3708 1082 3780 flagitiorum
1100 3727 1213 3764 suorum
1230 3727 1272 3764 ra·

236 3794 403 3851 eordsbitur.
427 3797 504 3853 Tuae.
521 3800 544 3864 1,
560 3800 602 3863 24,
618 3801 651 3851 58
669 3795 796 3868 agnoseit
812 3796 861 3851 illa
879 3794 1089 3851 reminiscendo.
1150 3797 1271 3850 Laetan-

236 3881 290 3934 tins
308 3883 375 3936 Inst.
396 3883 449 3938 diu.
471 3883 500 3948 3,
524 3885 570 3949 10,
592 3887 607 3936 7
625 3881 689 3942 Qua
713 3882 748 3937 de
765 3900 795 3938 re
814 3881 956 3937 Ciceronis
979 3900 1046 3937 uera
1064 3889 1106 3937 est
1125 3882 1269 3937 sententia.
1308 3919 1309 3923 κ

231 3961 289 4019 ‘Ex
305 3964 370 4034 tot',
390 3967 495 4038 inquit,
511 3964 673 4039 ‘generibus
690 3966 798 4022 nullum
817 3976 858 4024 est
876 3967 978 4022 animal
994 3976 1104 4040 praeter
1121 3967 1268 4034 hominem,

235 4052 309 4122 quod
331 4053 432 4108 habeat
454 4054 581 4109 notitiam
604 4054 725 4124 aliquam
743 4054 804 4120 dei,
825 4054 948 4126 ipsisque
965 4053 995 4108 in
1012 4053 1170 4109 hominibus
1194 4052 1271 4108 nulla

235 4155 302 4208 gens
322 4146 363 4194 est
380 4155 469 4210 neque
486 4148 543 4195 tam
560 4147 703 4195 mansueta
726 4140 921 4204 (immansueta
939 4141 1006 4195 tisri
1021 4142 1158 4206 nonnulli)
1181 4151 1270 4211 neque

234 4231 291 4278 tam
313 4224 387 4292 isra,
409 4243 479 4296 quae
502 4244 559 4281 non
583 4226 690 4281 etiamsi
707 4226 818 4297 ignoret
835 4224 945 4297 qualem
961 4227 1057 4282 haberi
1076 4227 1157 4282 deum
1175 4226 1271 4282 deceat
