<?xml version="1.0" encoding="UTF-8"?>
<!DOCTYPE html PUBLIC "-//W3C//DTD XHTML 1.0 Transitional//EN"
    "http://www.w3.org/TR/xhtml1/DTD/xhtml1-transitional.dtd">
<html xmlns="http://www.w3.org/1999/xhtml" xml:lang="en" lang="en">
 <head>
  <title>
</title>
<meta http-equiv="Content-Type" content="text/html;charset=utf-8" />
  <meta name='ocr-system' content='tesseract 3.04.00' />
  <meta name='ocr-capabilities' content='ocr_page ocr_carea ocr_par ocr_line ocrx_word'/>
</head>
<body>
  <div class='ocr_page' id='page_1' title='image "./delegibuslibrie00vahlgoog_0013.png"; bbox 0 0 3250 4974; ppageno 0'>
   <div class='ocr_carea' id='block_1_1' title="bbox 359 439 950 492">
    <p class='ocr_par' dir='ltr' id='par_1_1' title="bbox 359 439 950 492">
     <span class='ocr_line' id='line_1_1' title="bbox 359 439 950 492; baseline 0.01 -18"><span class='ocrx_word' id='word_1_1' title='bbox 359 449 394 492; x_wconf 69' lang='grc' dir='ltr'>ῃ</span> <span class='ocrx_word' id='word_1_2' title='bbox 788 439 950 482; x_wconf 71' lang='lat' dir='ltr'>PRAEFATIO</span> 
     </span>
    </p>
   </div>
   <div class='ocr_carea' id='block_1_2' title="bbox 359 601 1397 3931">
    <p class='ocr_par' dir='ltr' id='par_1_2' title="bbox 359 601 1396 2970">
     <span class='ocr_line' id='line_1_2' title="bbox 359 601 1392 686; baseline 0.001 -21"><span class='ocrx_word' id='word_1_3' title='bbox 359 602 427 665; x_wconf 83' lang='lat' dir='ltr'><strong>fere</strong></span> <span class='ocrx_word' id='word_1_4' title='bbox 449 601 637 685; x_wconf 86' lang='lat' dir='ltr'><strong>primitiuae</strong></span> <span class='ocrx_word' id='word_1_5' title='bbox 660 611 692 662; x_wconf 91' lang='lat' dir='ltr'><strong>et</strong></span> <span class='ocrx_word' id='word_1_6' title='bbox 715 612 878 663; x_wconf 80' lang='lat' dir='ltr'><strong>correctae</strong></span> <span class='ocrx_word' id='word_1_7' title='bbox 900 601 1082 684; x_wconf 82' lang='lat' dir='ltr'>scripturae</span> <span class='ocrx_word' id='word_1_8' title='bbox 1104 623 1171 664; x_wconf 89' lang='lat' dir='ltr'><strong>una</strong></span> <span class='ocrx_word' id='word_1_9' title='bbox 1191 623 1392 686; x_wconf 81' lang='lat' dir='ltr'><strong>cognoscan—</strong></span> 
     </span>
     <span class='ocr_line' id='line_1_3' title="bbox 361 721 1389 805; baseline 0.002 -21"><span class='ocrx_word' id='word_1_10' title='bbox 361 733 425 784; x_wconf 91' lang='lat' dir='ltr'><strong>tur.</strong></span> <span class='ocrx_word' id='word_1_11' title='bbox 470 722 516 785; x_wconf 81' lang='lat' dir='ltr'><strong>ita</strong></span> <span class='ocrx_word' id='word_1_12' title='bbox 541 723 580 784; x_wconf 82' lang='lat' dir='ltr'><strong>fit</strong></span> <span class='ocrx_word' id='word_1_13' title='bbox 608 731 646 782; x_wconf 91' lang='lat' dir='ltr'><strong>ut</strong></span> <span class='ocrx_word' id='word_1_14' title='bbox 674 741 751 782; x_wconf 89' lang='lat' dir='ltr'><strong>cum</strong></span> <span class='ocrx_word' id='word_1_15' title='bbox 781 722 876 783; x_wconf 91' lang='lat' dir='ltr'><strong>ambo</strong></span> <span class='ocrx_word' id='word_1_16' title='bbox 903 721 979 784; x_wconf 82' lang='lat' dir='ltr'><strong>libri</strong></span> <span class='ocrx_word' id='word_1_17' title='bbox 1001 722 1073 805; x_wconf 90' lang='lat' dir='ltr'><strong>pari</strong></span> <span class='ocrx_word' id='word_1_18' title='bbox 1100 721 1166 784; x_wconf 90' lang='lat' dir='ltr'><strong>sint</strong></span> <span class='ocrx_word' id='word_1_19' title='bbox 1188 723 1389 800; x_wconf 86' lang='lat' dir='ltr'><strong>auctoritate,</strong></span> 
     </span>
     <span class='ocr_line' id='line_1_4' title="bbox 362 839 1393 925; baseline 0.003 -22"><span class='ocrx_word' id='word_1_20' title='bbox 362 841 505 905; x_wconf 86' lang='lat' dir='ltr'><strong>utilitate</strong></span> <span class='ocrx_word' id='word_1_21' title='bbox 526 853 637 905; x_wconf 89' lang='lat' dir='ltr'><strong>tamen</strong></span> <span class='ocrx_word' id='word_1_22' title='bbox 660 841 822 904; x_wconf 82' lang='lat' dir='ltr'><strong>recentior</strong></span> <span class='ocrx_word' id='word_1_23' title='bbox 848 839 891 903; x_wconf 86' lang='lat' dir='ltr'><strong>sit</strong></span> <span class='ocrx_word' id='word_1_24' title='bbox 912 863 1008 924; x_wconf 81' lang='lat' dir='ltr'><strong>saepe</strong></span> <span class='ocrx_word' id='word_1_25' title='bbox 1035 841 1192 925; x_wconf 82' lang='lat' dir='ltr'><strong>superior.</strong></span> <span class='ocrx_word' id='word_1_26' title='bbox 1236 843 1393 906; x_wconf 82' lang='lat' dir='ltr'><strong>sedeunt</strong></span> 
     </span>
     <span class='ocr_line' id='line_1_5' title="bbox 362 961 1393 1046; baseline 0.002 -22"><span class='ocrx_word' id='word_1_27' title='bbox 362 962 462 1025; x_wconf 88' lang='lat' dir='ltr'><strong>etiam</strong></span> <span class='ocrx_word' id='word_1_28' title='bbox 483 963 556 1040; x_wconf 90' lang='lat' dir='ltr'><strong>loci,</strong></span> <span class='ocrx_word' id='word_1_29' title='bbox 581 963 701 1046; x_wconf 91' lang='lat' dir='ltr'><strong>quibus</strong></span> <span class='ocrx_word' id='word_1_30' title='bbox 722 961 872 1024; x_wconf 76' lang='lat' dir='ltr'><strong>neutrius</strong></span> <span class='ocrx_word' id='word_1_31' title='bbox 887 961 1008 1024; x_wconf 90' lang='lat' dir='ltr'><strong>codicis</strong></span> <span class='ocrx_word' id='word_1_32' title='bbox 1024 962 1211 1026; x_wconf 88' lang='lat' dir='ltr'><strong>testimonio</strong></span> <span class='ocrx_word' id='word_1_33' title='bbox 1224 962 1393 1046; x_wconf 77' lang='lat' dir='ltr'><strong>primitius</strong></span> 
     </span>
     <span class='ocr_line' id='line_1_6' title="bbox 361 1080 1394 1166; baseline 0.001 -21"><span class='ocrx_word' id='word_1_34' title='bbox 361 1082 523 1166; x_wconf 81' lang='lat' dir='ltr'><strong>scriptura</strong></span> <span class='ocrx_word' id='word_1_35' title='bbox 544 1093 679 1146; x_wconf 90' lang='lat' dir='ltr'><strong>constet.</strong></span> <span class='ocrx_word' id='word_1_36' title='bbox 724 1081 770 1144; x_wconf 85' lang='lat' dir='ltr'><strong>rbi</strong></span> <span class='ocrx_word' id='word_1_37' title='bbox 796 1080 834 1143; x_wconf 95' lang='lat' dir='ltr'><strong>in</strong></span> <span class='ocrx_word' id='word_1_38' title='bbox 861 1081 1043 1144; x_wconf 85' lang='lat' dir='ltr'><strong>subsidium</strong></span> <span class='ocrx_word' id='word_1_39' title='bbox 1065 1083 1264 1146; x_wconf 88' lang='lat' dir='ltr'><strong>recensionis</strong></span> <span class='ocrx_word' id='word_1_40' title='bbox 1291 1083 1394 1146; x_wconf 81' lang='lat' dir='ltr'><strong>codex</strong></span> 
     </span>
     <span class='ocr_line' id='line_1_7' title="bbox 362 1201 1395 1287; baseline 0.002 -23"><span class='ocrx_word' id='word_1_41' title='bbox 362 1203 566 1266; x_wconf 85' lang='lat' dir='ltr'><strong>Heinsianua</strong></span> <span class='ocrx_word' id='word_1_42' title='bbox 597 1205 683 1284; x_wconf 68' lang='lat'><strong>(118,</strong></span> <span class='ocrx_word' id='word_1_43' title='bbox 707 1223 790 1264; x_wconf 91' lang='lat' dir='ltr'><strong>saec.</strong></span> <span class='ocrx_word' id='word_1_44' title='bbox 811 1205 869 1282; x_wconf 85' lang='lat' dir='ltr'><strong>xn)</strong></span> <span class='ocrx_word' id='word_1_45' title='bbox 900 1201 1059 1279; x_wconf 81' lang='lat' dir='ltr'><strong>succedit,</strong></span> <span class='ocrx_word' id='word_1_46' title='bbox 1092 1202 1149 1286; x_wconf 92' lang='lat' dir='ltr'><strong>qui</strong></span> <span class='ocrx_word' id='word_1_47' title='bbox 1179 1204 1215 1265; x_wconf 92' lang='lat' dir='ltr'><strong>in</strong></span> <span class='ocrx_word' id='word_1_48' title='bbox 1242 1203 1395 1287; x_wconf 90' lang='lat' dir='ltr'><strong>plurimis</strong></span> 
     </span>
     <span class='ocr_line' id='line_1_8' title="bbox 363 1321 1392 1402; baseline 0.003 -18"><span class='ocrx_word' id='word_1_49' title='bbox 363 1343 441 1384; x_wconf 89' lang='lat' dir='ltr'><strong>cum</strong></span> <span class='ocrx_word' id='word_1_50' title='bbox 469 1323 637 1386; x_wconf 87' lang='lat' dir='ltr'><strong>Vossianis</strong></span> <span class='ocrx_word' id='word_1_51' title='bbox 664 1322 839 1399; x_wconf 81' lang='lat' dir='ltr'><strong>consentit,</strong></span> <span class='ocrx_word' id='word_1_52' title='bbox 868 1321 932 1384; x_wconf 89' lang='lat' dir='ltr'><strong>alia</strong></span> <span class='ocrx_word' id='word_1_53' title='bbox 958 1322 1091 1385; x_wconf 89' lang='lat' dir='ltr'><strong>arbitrio</strong></span> <span class='ocrx_word' id='word_1_54' title='bbox 1119 1333 1262 1386; x_wconf 84' lang='lat' dir='ltr'><strong>correcta</strong></span> <span class='ocrx_word' id='word_1_55' title='bbox 1284 1323 1392 1402; x_wconf 88' lang='lat' dir='ltr'><strong>habet,</strong></span> 
     </span>
     <span class='ocr_line' id='line_1_9' title="bbox 363 1441 1394 1525; baseline 0 -19"><span class='ocrx_word' id='word_1_56' title='bbox 363 1444 422 1506; x_wconf 90' lang='lat' dir='ltr'><strong>sed</strong></span> <span class='ocrx_word' id='word_1_57' title='bbox 449 1443 611 1506; x_wconf 89' lang='lat' dir='ltr'><strong>nonnulla</strong></span> <span class='ocrx_word' id='word_1_58' title='bbox 638 1453 742 1520; x_wconf 85' lang='lat' dir='ltr'><strong>tenet,</strong></span> <span class='ocrx_word' id='word_1_59' title='bbox 772 1463 856 1525; x_wconf 90' lang='lat' dir='ltr'><strong>quae</strong></span> <span class='ocrx_word' id='word_1_60' title='bbox 883 1464 901 1504; x_wconf 92' lang='lat' dir='ltr'><strong>e</strong></span> <span class='ocrx_word' id='word_1_61' title='bbox 928 1442 1097 1505; x_wconf 89' lang='lat' dir='ltr'><strong>communi</strong></span> <span class='ocrx_word' id='word_1_62' title='bbox 1123 1441 1215 1506; x_wconf 82' lang='lat' dir='ltr'><strong>fonte</strong></span> <span class='ocrx_word' id='word_1_63' title='bbox 1241 1453 1330 1519; x_wconf 84' lang='lat' dir='ltr'><strong>nata,</strong></span> <span class='ocrx_word' id='word_1_64' title='bbox 1366 1444 1394 1507; x_wconf 87' lang='lat' dir='ltr'><strong>si</strong></span> 
     </span>
     <span class='ocr_line' id='line_1_10' title="bbox 365 1561 1394 1647; baseline 0.001 -22"><span class='ocrx_word' id='word_1_65' title='bbox 365 1563 445 1647; x_wconf 91' lang='lat' dir='ltr'><strong>quid</strong></span> <span class='ocrx_word' id='word_1_66' title='bbox 466 1563 674 1627; x_wconf 77' lang='lat' dir='ltr'><strong>obscuritatis</strong></span> <span class='ocrx_word' id='word_1_67' title='bbox 695 1573 744 1625; x_wconf 90' lang='lat' dir='ltr'><strong>est</strong></span> <span class='ocrx_word' id='word_1_68' title='bbox 766 1561 946 1645; x_wconf 82' lang='lat' dir='ltr'><strong>scripturae</strong></span> <span class='ocrx_word' id='word_1_69' title='bbox 968 1562 1004 1625; x_wconf 93' lang='lat' dir='ltr'><strong>in</strong></span> <span class='ocrx_word' id='word_1_70' title='bbox 1026 1565 1056 1625; x_wconf 79' lang='lat' dir='ltr'><strong>A</strong></span> <span class='ocrx_word' id='word_1_71' title='bbox 1079 1574 1136 1625; x_wconf 91' lang='lat' dir='ltr'><strong>aut</strong></span> <span class='ocrx_word' id='word_1_72' title='bbox 1158 1565 1200 1640; x_wconf 92' lang='lat' dir='ltr'><strong>B,</strong></span> <span class='ocrx_word' id='word_1_73' title='bbox 1225 1563 1394 1626; x_wconf 92' lang='lat' dir='ltr'><strong>commode</strong></span> 
     </span>
     <span class='ocr_line' id='line_1_11' title="bbox 363 1682 1395 1767; baseline 0.002 -22"><span class='ocrx_word' id='word_1_74' title='bbox 363 1683 539 1747; x_wconf 89' lang='lat' dir='ltr'><strong>illustrant.</strong></span> <span class='ocrx_word' id='word_1_75' title='bbox 588 1684 679 1746; x_wconf 91' lang='lat' dir='ltr'><strong>hunc</strong></span> <span class='ocrx_word' id='word_1_76' title='bbox 712 1703 773 1767; x_wconf 81' lang='lat' dir='ltr'><strong>ego</strong></span> <span class='ocrx_word' id='word_1_77' title='bbox 804 1704 873 1746; x_wconf 93' lang='lat' dir='ltr'><strong>non</strong></span> <span class='ocrx_word' id='word_1_78' title='bbox 905 1682 977 1745; x_wconf 92' lang='lat' dir='ltr'><strong>uidi</strong></span> <span class='ocrx_word' id='word_1_79' title='bbox 1004 1683 1062 1746; x_wconf 88' lang='lat' dir='ltr'><strong>sed</strong></span> <span class='ocrx_word' id='word_1_80' title='bbox 1090 1683 1278 1766; x_wconf 81' lang='lat' dir='ltr'><strong>scripturas,</strong></span> <span class='ocrx_word' id='word_1_81' title='bbox 1314 1705 1395 1766; x_wconf 88' lang='lat' dir='ltr'><strong>quas</strong></span> 
     </span>
     <span class='ocr_line' id='line_1_12' title="bbox 362 1801 1395 1886; baseline 0.002 -21"><span class='ocrx_word' id='word_1_82' title='bbox 362 1803 468 1880; x_wconf 81' lang='lat' dir='ltr'><strong>attuli,</strong></span> <span class='ocrx_word' id='word_1_83' title='bbox 492 1825 534 1866; x_wconf 86' lang='lat' dir='ltr'><strong>ex</strong></span> <span class='ocrx_word' id='word_1_84' title='bbox 548 1804 675 1867; x_wconf 82' lang='lat' dir='ltr'><strong>Halmii</strong></span> <span class='ocrx_word' id='word_1_85' title='bbox 697 1801 939 1867; x_wconf 86' lang='lat' dir='ltr'><strong>commentariis</strong></span> <span class='ocrx_word' id='word_1_86' title='bbox 960 1803 1050 1886; x_wconf 91' lang='lat' dir='ltr'><strong>petii,</strong></span> <span class='ocrx_word' id='word_1_87' title='bbox 1077 1802 1172 1886; x_wconf 90' lang='lat' dir='ltr'><strong>posui</strong></span> <span class='ocrx_word' id='word_1_88' title='bbox 1194 1814 1305 1866; x_wconf 84' lang='lat' dir='ltr'><strong>autem</strong></span> <span class='ocrx_word' id='word_1_89' title='bbox 1327 1825 1395 1867; x_wconf 91' lang='lat' dir='ltr'><strong>non</strong></span> 
     </span>
     <span class='ocr_line' id='line_1_13' title="bbox 364 1925 1395 2008; baseline 0.001 -22"><span class='ocrx_word' id='word_1_90' title='bbox 364 1943 477 1986; x_wconf 90' lang='lat' dir='ltr'><strong>omnes</strong></span> <span class='ocrx_word' id='word_1_91' title='bbox 503 1925 560 1986; x_wconf 86' lang='lat' dir='ltr'><strong>sed</strong></span> <span class='ocrx_word' id='word_1_92' title='bbox 586 1945 641 1986; x_wconf 88' lang='lat' dir='ltr'><strong>eas</strong></span> <span class='ocrx_word' id='word_1_93' title='bbox 668 1933 799 1986; x_wconf 88' lang='lat' dir='ltr'><strong>tantum</strong></span> <span class='ocrx_word' id='word_1_94' title='bbox 826 1945 907 2005; x_wconf 90' lang='lat' dir='ltr'><strong>quas</strong></span> <span class='ocrx_word' id='word_1_95' title='bbox 940 1935 997 1986; x_wconf 86' lang='lat' dir='ltr'><strong>aut</strong></span> <span class='ocrx_word' id='word_1_96' title='bbox 1025 1945 1098 1986; x_wconf 88' lang='lat' dir='ltr'><strong>eam</strong></span> <span class='ocrx_word' id='word_1_97' title='bbox 1128 1925 1169 1987; x_wconf 92' lang='lat' dir='ltr'><strong>ob</strong></span> <span class='ocrx_word' id='word_1_98' title='bbox 1200 1946 1270 1987; x_wconf 92' lang='lat' dir='ltr'><strong>rem</strong></span> <span class='ocrx_word' id='word_1_99' title='bbox 1296 1945 1395 2008; x_wconf 85' lang='lat' dir='ltr'><strong>quam</strong></span> 
     </span>
     <span class='ocr_line' id='line_1_14' title="bbox 364 2043 1395 2128; baseline 0.002 -22"><span class='ocrx_word' id='word_1_100' title='bbox 364 2044 435 2107; x_wconf 85' lang='lat' dir='ltr'><strong>dixi</strong></span> <span class='ocrx_word' id='word_1_101' title='bbox 456 2055 514 2107; x_wconf 90' lang='lat' dir='ltr'><strong>aut</strong></span> <span class='ocrx_word' id='word_1_102' title='bbox 536 2044 609 2107; x_wconf 87' lang='lat' dir='ltr'><strong>aliis</strong></span> <span class='ocrx_word' id='word_1_103' title='bbox 631 2044 728 2108; x_wconf 87' lang='lat' dir='ltr'><strong>certis</strong></span> <span class='ocrx_word' id='word_1_104' title='bbox 749 2043 932 2107; x_wconf 87' lang='lat' dir='ltr'><strong>rationibus</strong></span> <span class='ocrx_word' id='word_1_105' title='bbox 958 2043 1057 2107; x_wconf 88' lang='lat' dir='ltr'><strong>utiles</strong></span> <span class='ocrx_word' id='word_1_106' title='bbox 1079 2064 1149 2107; x_wconf 88' lang='lat' dir='ltr'><strong>esse</strong></span> <span class='ocrx_word' id='word_1_107' title='bbox 1176 2044 1266 2107; x_wconf 83' lang='lat' dir='ltr'><strong>duxi.</strong></span> <span class='ocrx_word' id='word_1_108' title='bbox 1312 2067 1395 2128; x_wconf 89' lang='lat' dir='ltr'><strong>quae</strong></span> 
     </span>
     <span class='ocr_line' id='line_1_15' title="bbox 363 2163 1396 2248; baseline 0 -20"><span class='ocrx_word' id='word_1_109' title='bbox 363 2175 531 2247; x_wconf 85' lang='lat' dir='ltr'><strong>praeterea</strong></span> <span class='ocrx_word' id='word_1_110' title='bbox 545 2164 582 2227; x_wconf 94' lang='lat' dir='ltr'><strong>in</strong></span> <span class='ocrx_word' id='word_1_111' title='bbox 596 2176 750 2248; x_wconf 91' lang='lat' dir='ltr'><strong>promptu</strong></span> <span class='ocrx_word' id='word_1_112' title='bbox 765 2163 901 2227; x_wconf 80' lang='lat' dir='ltr'><strong>fuemnt</strong></span> <span class='ocrx_word' id='word_1_113' title='bbox 915 2163 1096 2246; x_wconf 88' lang='lat' dir='ltr'><strong>scripturae</strong></span> <span class='ocrx_word' id='word_1_114' title='bbox 1111 2163 1232 2228; x_wconf 90' lang='lat' dir='ltr'><strong>codicis</strong></span> <span class='ocrx_word' id='word_1_115' title='bbox 1246 2166 1396 2228; x_wconf 90' lang='lat' dir='ltr'><strong>Lauren-</strong></span> 
     </span>
     <span class='ocr_line' id='line_1_16' title="bbox 364 2283 1396 2370; baseline -0.001 -22"><span class='ocrx_word' id='word_1_116' title='bbox 364 2283 446 2348; x_wconf 84' lang='lat' dir='ltr'><strong>tiani</strong></span> <span class='ocrx_word' id='word_1_117' title='bbox 468 2285 539 2348; x_wconf 89' lang='lat' dir='ltr'><strong>siue</strong></span> <span class='ocrx_word' id='word_1_118' title='bbox 561 2284 844 2370; x_wconf 81' lang='lat' dir='ltr'><strong>Lagomarsiniani</strong></span> <span class='ocrx_word' id='word_1_119' title='bbox 870 2293 904 2346; x_wconf 86' lang='lat'><strong>11</strong></span> <span class='ocrx_word' id='word_1_120' title='bbox 930 2307 949 2347; x_wconf 89' lang='lat' dir='ltr'><strong>a</strong></span> <span class='ocrx_word' id='word_1_121' title='bbox 970 2284 1238 2349; x_wconf 83' lang='lat' dir='ltr'><strong>Reifferscheidio</strong></span> <span class='ocrx_word' id='word_1_122' title='bbox 1260 2306 1396 2368; x_wconf 80' lang='lat' dir='ltr'><strong>excerp-</strong></span> 
     </span>
     <span class='ocr_line' id='line_1_17' title="bbox 364 2404 1396 2489; baseline -0.001 -20"><span class='ocrx_word' id='word_1_123' title='bbox 364 2417 432 2484; x_wconf 84' lang='lat' dir='ltr'><strong>tae,</strong></span> <span class='ocrx_word' id='word_1_124' title='bbox 457 2405 497 2469; x_wconf 87' lang='lat' dir='ltr'><strong>iis</strong></span> <span class='ocrx_word' id='word_1_125' title='bbox 524 2428 604 2470; x_wconf 90' lang='lat' dir='ltr'><strong>usus</strong></span> <span class='ocrx_word' id='word_1_126' title='bbox 626 2429 695 2470; x_wconf 89' lang='lat' dir='ltr'><strong>non</strong></span> <span class='ocrx_word' id='word_1_127' title='bbox 716 2427 802 2483; x_wconf 89' lang='lat' dir='ltr'><strong>sum,</strong></span> <span class='ocrx_word' id='word_1_128' title='bbox 828 2405 904 2489; x_wconf 91' lang='lat' dir='ltr'><strong>quia</strong></span> <span class='ocrx_word' id='word_1_129' title='bbox 931 2404 1100 2467; x_wconf 89' lang='lat' dir='ltr'><strong>cumulare</strong></span> <span class='ocrx_word' id='word_1_130' title='bbox 1119 2405 1282 2468; x_wconf 87' lang='lat' dir='ltr'><strong>inutiliter</strong></span> <span class='ocrx_word' id='word_1_131' title='bbox 1303 2405 1396 2470; x_wconf 89' lang='lat' dir='ltr'><strong>testi·</strong></span> 
     </span>
     <span class='ocr_line' id='line_1_18' title="bbox 365 2523 1396 2603; baseline 0.001 -15"><span class='ocrx_word' id='word_1_132' title='bbox 365 2525 475 2588; x_wconf 92' lang='lat' dir='ltr'><strong>monia</strong></span> <span class='ocrx_word' id='word_1_133' title='bbox 496 2527 598 2603; x_wconf 92' lang='lat' dir='ltr'><strong>nolui,</strong></span> <span class='ocrx_word' id='word_1_134' title='bbox 622 2527 651 2589; x_wconf 91' lang='lat' dir='ltr'><strong>is</strong></span> <span class='ocrx_word' id='word_1_135' title='bbox 672 2537 784 2590; x_wconf 89' lang='lat' dir='ltr'><strong>autem</strong></span> <span class='ocrx_word' id='word_1_136' title='bbox 805 2526 890 2588; x_wconf 93' lang='lat' dir='ltr'><strong>liber</strong></span> <span class='ocrx_word' id='word_1_137' title='bbox 911 2524 972 2588; x_wconf 83' lang='lat' dir='ltr'><strong>etsi</strong></span> <span class='ocrx_word' id='word_1_138' title='bbox 1001 2535 1090 2587; x_wconf 88' lang='lat' dir='ltr'><strong>recte</strong></span> <span class='ocrx_word' id='word_1_139' title='bbox 1111 2523 1199 2587; x_wconf 91' lang='lat' dir='ltr'><strong>inter</strong></span> <span class='ocrx_word' id='word_1_140' title='bbox 1218 2527 1322 2589; x_wconf 87' lang='lat' dir='ltr'><strong>bonos</strong></span> <span class='ocrx_word' id='word_1_141' title='bbox 1344 2547 1396 2589; x_wconf 87' lang='lat' dir='ltr'><strong>re-</strong></span> 
     </span>
     <span class='ocr_line' id='line_1_19' title="bbox 364 2643 1396 2726; baseline 0.001 -19"><span class='ocrx_word' id='word_1_142' title='bbox 364 2645 469 2708; x_wconf 84' lang='lat' dir='ltr'><strong>fertur</strong></span> <span class='ocrx_word' id='word_1_143' title='bbox 497 2648 539 2726; x_wconf 79' lang='lat' dir='ltr'><strong>(n.</strong></span> <span class='ocrx_word' id='word_1_144' title='bbox 562 2667 645 2709; x_wconf 84' lang='lat' dir='ltr'><strong>mus.</strong></span> <span class='ocrx_word' id='word_1_145' title='bbox 667 2646 775 2709; x_wconf 87' lang='lat' dir='ltr'><strong>Rhen.</strong></span> <span class='ocrx_word' id='word_1_146' title='bbox 806 2665 877 2708; x_wconf 85' lang='lat' dir='ltr'><strong>xvn</strong></span> <span class='ocrx_word' id='word_1_147' title='bbox 901 2647 987 2725; x_wconf 80' lang='lat'><strong>295),</strong></span> <span class='ocrx_word' id='word_1_148' title='bbox 1011 2653 1123 2706; x_wconf 87' lang='lat' dir='ltr'><strong>tamen</strong></span> <span class='ocrx_word' id='word_1_149' title='bbox 1147 2643 1231 2706; x_wconf 90' lang='lat' dir='ltr'><strong>nihil</strong></span> <span class='ocrx_word' id='word_1_150' title='bbox 1259 2645 1396 2708; x_wconf 89' lang='lat' dir='ltr'><strong>adiuuat</strong></span> 
     </span>
     <span class='ocr_line' id='line_1_20' title="bbox 365 2763 1396 2848; baseline 0.002 -20"><span class='ocrx_word' id='word_1_151' title='bbox 365 2787 443 2828; x_wconf 89' lang='lat' dir='ltr'><strong>eum</strong></span> <span class='ocrx_word' id='word_1_152' title='bbox 469 2766 524 2828; x_wconf 91' lang='lat' dir='ltr'><strong>cui</strong></span> <span class='ocrx_word' id='word_1_153' title='bbox 545 2765 713 2829; x_wconf 87' lang='lat' dir='ltr'><strong>Vossianis</strong></span> <span class='ocrx_word' id='word_1_154' title='bbox 735 2765 785 2828; x_wconf 91' lang='lat' dir='ltr'><strong>uti</strong></span> <span class='ocrx_word' id='word_1_155' title='bbox 806 2765 905 2828; x_wconf 85' lang='lat' dir='ltr'><strong>liceat</strong></span> <span class='ocrx_word' id='word_1_156' title='bbox 931 2775 964 2827; x_wconf 89' lang='lat' dir='ltr'><strong>et</strong></span> <span class='ocrx_word' id='word_1_157' title='bbox 991 2785 1034 2826; x_wconf 91' lang='lat' dir='ltr'><strong>ne</strong></span> <span class='ocrx_word' id='word_1_158' title='bbox 1055 2763 1232 2828; x_wconf 87' lang='lat' dir='ltr'><strong>Heinsiani</strong></span> <span class='ocrx_word' id='word_1_159' title='bbox 1262 2765 1396 2848; x_wconf 89' lang='lat' dir='ltr'><strong>quidem</strong></span> 
     </span>
     <span class='ocr_line' id='line_1_21' title="bbox 366 2885 693 2970; baseline 0 -23"><span class='ocrx_word' id='word_1_160' title='bbox 366 2885 545 2948; x_wconf 87' lang='lat' dir='ltr'><strong>utilitatem</strong></span> <span class='ocrx_word' id='word_1_161' title='bbox 566 2897 693 2970; x_wconf 89' lang='lat' dir='ltr'><strong>aequat.</strong></span> 
     </span>
    </p>

    <p class='ocr_par' dir='ltr' id='par_1_3' title="bbox 364 3005 1397 3931">
     <span class='ocr_line' id='line_1_22' title="bbox 429 3005 1397 3090; baseline 0.002 -21"><span class='ocrx_word' id='word_1_162' title='bbox 429 3006 482 3069; x_wconf 82' lang='lat' dir='ltr'><strong>Ad</strong></span> <span class='ocrx_word' id='word_1_163' title='bbox 503 3005 737 3070; x_wconf 87' lang='lat' dir='ltr'><strong>Vossianorum</strong></span> <span class='ocrx_word' id='word_1_164' title='bbox 759 3005 861 3090; x_wconf 86' lang='lat' dir='ltr'><strong>igitur</strong></span> <span class='ocrx_word' id='word_1_165' title='bbox 888 3006 1079 3068; x_wconf 88' lang='lat' dir='ltr'><strong>memoriam</strong></span> <span class='ocrx_word' id='word_1_166' title='bbox 1105 3007 1207 3070; x_wconf 88' lang='lat' dir='ltr'><strong>uerba</strong></span> <span class='ocrx_word' id='word_1_167' title='bbox 1229 3005 1397 3071; x_wconf 88' lang='lat' dir='ltr'><strong>Ciceronis</strong></span> 
     </span>
     <span class='ocr_line' id='line_1_23' title="bbox 364 3125 1394 3210; baseline 0 -20"><span class='ocrx_word' id='word_1_168' title='bbox 364 3126 522 3204; x_wconf 86' lang='lat' dir='ltr'><strong>recensui,</strong></span> <span class='ocrx_word' id='word_1_169' title='bbox 547 3148 631 3209; x_wconf 88' lang='lat' dir='ltr'><strong>quae</strong></span> <span class='ocrx_word' id='word_1_170' title='bbox 651 3126 718 3189; x_wconf 89' lang='lat' dir='ltr'><strong>iam</strong></span> <span class='ocrx_word' id='word_1_171' title='bbox 738 3126 774 3189; x_wconf 92' lang='lat' dir='ltr'><strong>in</strong></span> <span class='ocrx_word' id='word_1_172' title='bbox 790 3148 828 3188; x_wconf 90' lang='lat' dir='ltr'><strong>eo</strong></span> <span class='ocrx_word' id='word_1_173' title='bbox 843 3125 934 3200; x_wconf 92' lang='lat' dir='ltr'><strong>libro,</strong></span> <span class='ocrx_word' id='word_1_174' title='bbox 960 3126 1048 3188; x_wconf 91' lang='lat' dir='ltr'><strong>unde</strong></span> <span class='ocrx_word' id='word_1_175' title='bbox 1069 3125 1187 3210; x_wconf 90' lang='lat' dir='ltr'><strong>reliqui</strong></span> <span class='ocrx_word' id='word_1_176' title='bbox 1202 3127 1394 3197; x_wconf 78' lang='lat' dir='ltr'><strong>ductisunt</strong></span> 
     </span>
     <span class='ocr_line' id='line_1_24' title="bbox 365 3246 1396 3330; baseline 0.001 -20"><span class='ocrx_word' id='word_1_177' title='bbox 365 3247 456 3310; x_wconf 92' lang='lat' dir='ltr'><strong>omni</strong></span> <span class='ocrx_word' id='word_1_178' title='bbox 478 3268 597 3330; x_wconf 81' lang='lat' dir='ltr'><strong>genere</strong></span> <span class='ocrx_word' id='word_1_179' title='bbox 612 3247 770 3310; x_wconf 89' lang='lat' dir='ltr'><strong>uitiorum</strong></span> <span class='ocrx_word' id='word_1_180' title='bbox 790 3246 964 3329; x_wconf 84' lang='lat' dir='ltr'><strong>inquinata</strong></span> <span class='ocrx_word' id='word_1_181' title='bbox 985 3246 1186 3330; x_wconf 85' lang='lat' dir='ltr'><strong>legebantur.</strong></span> <span class='ocrx_word' id='word_1_182' title='bbox 1231 3269 1270 3311; x_wconf 91' lang='lat' dir='ltr'><strong>ac</strong></span> <span class='ocrx_word' id='word_1_183' title='bbox 1292 3247 1396 3311; x_wconf 90' lang='lat' dir='ltr'><strong>multa</strong></span> 
     </span>
     <span class='ocr_line' id='line_1_25' title="bbox 365 3366 1396 3451; baseline 0 -21"><span class='ocrx_word' id='word_1_184' title='bbox 365 3367 497 3446; x_wconf 91' lang='lat' dir='ltr'><strong>menda,</strong></span> <span class='ocrx_word' id='word_1_185' title='bbox 527 3367 652 3432; x_wconf 89' lang='lat' dir='ltr'><strong>leuiora</strong></span> <span class='ocrx_word' id='word_1_186' title='bbox 673 3367 876 3451; x_wconf 88' lang='lat' dir='ltr'><strong>praesertim,</strong></span> <span class='ocrx_word' id='word_1_187' title='bbox 902 3377 1097 3430; x_wconf 90' lang='lat' dir='ltr'><strong>correctores</strong></span> <span class='ocrx_word' id='word_1_188' title='bbox 1119 3387 1232 3431; x_wconf 89' lang='lat' dir='ltr'><strong>eorum</strong></span> <span class='ocrx_word' id='word_1_189' title='bbox 1254 3366 1396 3430; x_wconf 88' lang='lat' dir='ltr'><strong>sustule-</strong></span> 
     </span>
     <span class='ocr_line' id='line_1_26' title="bbox 366 3487 1397 3571; baseline 0 -21"><span class='ocrx_word' id='word_1_190' title='bbox 366 3499 456 3566; x_wconf 89' lang='lat' dir='ltr'><strong>runt,</strong></span> <span class='ocrx_word' id='word_1_191' title='bbox 485 3509 684 3571; x_wconf 87' lang='lat' dir='ltr'><strong>quamquam</strong></span> <span class='ocrx_word' id='word_1_192' title='bbox 711 3487 812 3550; x_wconf 92' lang='lat' dir='ltr'><strong>iidem</strong></span> <span class='ocrx_word' id='word_1_193' title='bbox 841 3488 932 3550; x_wconf 90' lang='lat' dir='ltr'><strong>haud</strong></span> <span class='ocrx_word' id='word_1_194' title='bbox 957 3507 1030 3549; x_wconf 86' lang='lat' dir='ltr'><strong>raro</strong></span> <span class='ocrx_word' id='word_1_195' title='bbox 1058 3488 1144 3551; x_wconf 89' lang='lat' dir='ltr'><strong>bona</strong></span> <span class='ocrx_word' id='word_1_196' title='bbox 1174 3487 1397 3571; x_wconf 87' lang='lat' dir='ltr'><strong>deprauarunt</strong></span> 
     </span>
     <span class='ocr_line' id='line_1_27' title="bbox 366 3607 1396 3692; baseline 0 -22"><span class='ocrx_word' id='word_1_197' title='bbox 366 3619 425 3670; x_wconf 90' lang='lat' dir='ltr'><strong>aut</strong></span> <span class='ocrx_word' id='word_1_198' title='bbox 446 3617 599 3691; x_wconf 86' lang='lat' dir='ltr'><strong>corrupta</strong></span> <span class='ocrx_word' id='word_1_199' title='bbox 620 3608 823 3692; x_wconf 79' lang='lat' dir='ltr'><strong>corruptiore</strong></span> <span class='ocrx_word' id='word_1_200' title='bbox 850 3607 1026 3670; x_wconf 89' lang='lat' dir='ltr'><strong>dederunt:</strong></span> <span class='ocrx_word' id='word_1_201' title='bbox 1061 3607 1126 3670; x_wconf 89' lang='lat' dir='ltr'><strong>alia</strong></span> <span class='ocrx_word' id='word_1_202' title='bbox 1153 3607 1189 3670; x_wconf 94' lang='lat' dir='ltr'><strong>in</strong></span> <span class='ocrx_word' id='word_1_203' title='bbox 1212 3607 1396 3671; x_wconf 88' lang='lat' dir='ltr'><strong>Heinsiano</strong></span> 
     </span>
     <span class='ocr_line' id='line_1_28' title="bbox 365 3726 1396 3812; baseline -0.004 -20"><span class='ocrx_word' id='word_1_204' title='bbox 365 3728 537 3792; x_wconf 87' lang='lat' dir='ltr'><strong>emendate</strong></span> <span class='ocrx_word' id='word_1_205' title='bbox 559 3729 680 3812; x_wconf 88' lang='lat' dir='ltr'><strong>scripta</strong></span> <span class='ocrx_word' id='word_1_206' title='bbox 700 3739 786 3806; x_wconf 79' lang='lat' dir='ltr'><strong>sunt,</strong></span> <span class='ocrx_word' id='word_1_207' title='bbox 811 3738 844 3791; x_wconf 90' lang='lat' dir='ltr'><strong>et</strong></span> <span class='ocrx_word' id='word_1_208' title='bbox 856 3729 943 3790; x_wconf 89' lang='lat' dir='ltr'><strong>bona</strong></span> <span class='ocrx_word' id='word_1_209' title='bbox 958 3748 1033 3810; x_wconf 93' lang='lat' dir='ltr'><strong>pars</strong></span> <span class='ocrx_word' id='word_1_210' title='bbox 1051 3728 1227 3810; x_wconf 88' lang='lat' dir='ltr'><strong>probarum</strong></span> <span class='ocrx_word' id='word_1_211' title='bbox 1242 3726 1396 3790; x_wconf 90' lang='lat' dir='ltr'><strong>emenda-</strong></span> 
     </span>
     <span class='ocr_line' id='line_1_29' title="bbox 366 3846 1396 3931; baseline -0.003 -19"><span class='ocrx_word' id='word_1_212' title='bbox 366 3848 495 3912; x_wconf 89' lang='lat' dir='ltr'><strong>tionum</strong></span> <span class='ocrx_word' id='word_1_213' title='bbox 520 3870 562 3913; x_wconf 85' lang='lat' dir='ltr'><strong>ex</strong></span> <span class='ocrx_word' id='word_1_214' title='bbox 590 3849 663 3912; x_wconf 90' lang='lat' dir='ltr'><strong>aliis</strong></span> <span class='ocrx_word' id='word_1_215' title='bbox 689 3847 781 3912; x_wconf 89' lang='lat' dir='ltr'><strong>libris</strong></span> <span class='ocrx_word' id='word_1_216' title='bbox 808 3848 973 3924; x_wconf 79' lang='lat' dir='ltr'><strong>hauritur,</strong></span> <span class='ocrx_word' id='word_1_217' title='bbox 1004 3847 1062 3931; x_wconf 90' lang='lat' dir='ltr'><strong>qui</strong></span> <span class='ocrx_word' id='word_1_218' title='bbox 1089 3847 1181 3910; x_wconf 89' lang='lat' dir='ltr'><strong>nulla</strong></span> <span class='ocrx_word' id='word_1_219' title='bbox 1203 3846 1396 3910; x_wconf 82' lang='lat' dir='ltr'><strong>auctoritate</strong></span> 
     </span>
    </p>
   </div>
   <div class='ocr_carea' id='block_1_3' title="bbox 364 3949 1397 4296">
    <p class='ocr_par' dir='ltr' id='par_1_4' title="bbox 364 3949 1397 4296">
     <span class='ocr_line' id='line_1_30' title="bbox 365 3949 1397 4052; baseline -0.003 -19"><span class='ocrx_word' id='word_1_220' title='bbox 365 3992 443 4033; x_wconf 90' lang='lat' dir='ltr'><strong>eum</strong></span> <span class='ocrx_word' id='word_1_221' title='bbox 465 3981 595 4033; x_wconf 90' lang='lat' dir='ltr'><strong>tantum</strong></span> <span class='ocrx_word' id='word_1_222' title='bbox 609 3991 707 4033; x_wconf 91' lang='lat' dir='ltr'><strong>usum</strong></span> <span class='ocrx_word' id='word_1_223' title='bbox 720 3969 852 4048; x_wconf 87' lang='lat' dir='ltr'><strong>habent,</strong></span> <span class='ocrx_word' id='word_1_224' title='bbox 876 3978 915 4031; x_wconf 93' lang='lat' dir='ltr'><strong>ut</strong></span> <span class='ocrx_word' id='word_1_225' title='bbox 928 3949 988 4051; x_wconf 91' lang='lat' dir='ltr'><strong>per</strong></span> <span class='ocrx_word' id='word_1_226' title='bbox 1001 3977 1203 4052; x_wconf 84' lang='lat' dir='ltr'><strong>grassantem</strong></span> <span class='ocrx_word' id='word_1_227' title='bbox 1217 3966 1397 4051; x_wconf 89' lang='lat' dir='ltr'><strong>interpola-</strong></span> 
     </span>
     <span class='ocr_line' id='line_1_31' title="bbox 365 4087 1396 4170; baseline -0.004 -16"><span class='ocrx_word' id='word_1_228' title='bbox 365 4091 464 4154; x_wconf 90' lang='lat' dir='ltr'><strong>tionis</strong></span> <span class='ocrx_word' id='word_1_229' title='bbox 486 4091 703 4154; x_wconf 84' lang='lat' dir='ltr'><strong>temeritatem</strong></span> <span class='ocrx_word' id='word_1_230' title='bbox 724 4089 864 4154; x_wconf 89' lang='lat' dir='ltr'><strong>subinde</strong></span> <span class='ocrx_word' id='word_1_231' title='bbox 887 4109 964 4152; x_wconf 90' lang='lat' dir='ltr'><strong>uere</strong></span> <span class='ocrx_word' id='word_1_232' title='bbox 987 4087 1124 4152; x_wconf 87' lang='lat' dir='ltr'><strong>inuenta</strong></span> <span class='ocrx_word' id='word_1_233' title='bbox 1138 4088 1324 4170; x_wconf 79' lang='lat' dir='ltr'><strong>praebeant.</strong></span> <span class='ocrx_word' id='word_1_234' title='bbox 1362 4087 1396 4150; x_wconf 94' lang='lat' dir='ltr'><strong>id</strong></span> 
     </span>
     <span class='ocr_line' id='line_1_32' title="bbox 364 4207 1396 4296; baseline -0.004 -21"><span class='ocrx_word' id='word_1_235' title='bbox 364 4233 469 4296; x_wconf 83' lang='lat' dir='ltr'><strong>genus</strong></span> <span class='ocrx_word' id='word_1_236' title='bbox 491 4211 657 4288; x_wconf 89' lang='lat' dir='ltr'><strong>librorum,</strong></span> <span class='ocrx_word' id='word_1_237' title='bbox 683 4210 770 4294; x_wconf 92' lang='lat' dir='ltr'><strong>quod</strong></span> <span class='ocrx_word' id='word_1_238' title='bbox 791 4219 920 4293; x_wconf 88' lang='lat' dir='ltr'><strong>praeter</strong></span> <span class='ocrx_word' id='word_1_239' title='bbox 934 4208 1110 4272; x_wconf 89' lang='lat' dir='ltr'><strong>Leidenses</strong></span> <span class='ocrx_word' id='word_1_240' title='bbox 1136 4207 1280 4280; x_wconf 85' lang='lat' dir='ltr'><strong>adhibui,</strong></span> <span class='ocrx_word' id='word_1_241' title='bbox 1306 4207 1396 4272; x_wconf 90' lang='lat' dir='ltr'><strong>dete-</strong></span> 
     </span>
    </p>
   </div>
   <div class='ocr_carea' id='block_1_4' title="bbox 0 0 1636 4974">
    <p class='ocr_par' dir='ltr' id='par_1_5' title="bbox 0 0 1636 4974">
     <span class='ocr_line' id='line_1_33' title="bbox 0 0 1636 4974; baseline 0 0"><span class='ocrx_word' id='word_1_242' title='bbox 0 0 1636 4974; x_wconf 95' lang='lat' dir='ltr'><strong> </strong></span> 
     </span>
    </p>
   </div>
  </div>
 </body>
</html>
