3252 4964
380 424 440 484 140
759 428 783 469 11
801 417 843 480 21,
858 417 936 466 54-
948 416 990 477 22,
1006 415 1038 465 ss

379 608 603 685 Februarium,
629 605 675 670 sic
698 604 754 668 hic
769 605 988 668 Decembrem
1010 604 1215 686 sequebatur.
1231 599 1338 664 hostie
1352 621 1412 662 eu-

379 722 447 776 tem
468 710 611 774 maxima
627 720 807 794 parentare,
825 706 956 791 pietatis
972 727 1040 770 esse
1056 704 1248 768 adiunctum
1264 705 1410 788 putabet.

443 815 515 877 Iam
541 823 632 877 tante
658 812 771 896 religio
795 822 844 874 est
866 808 1122 893 sepulchrorum,
1148 818 1185 870 ut
1208 818 1299 872 extre
1321 785 1469 871 serore22

381 928 413 981 et
435 927 567 1001 gentem
589 914 703 978 inferri
718 914 773 978 ¹fes
796 923 919 998 negent
941 934 1017 989 esse,
1043 911 1141 993 idque
1164 910 1253 994 epud
1266 911 1412 974 'maiores
1426 880 1465 935 55

350 1030 506 1084 anostros
529 1021 566 1082 A.
591 1019 775 1102 Torquatus
806 1017 841 1079 in
870 1025 966 1099 gente
989 1015 1130 1098 Popillia
1151 1013 1321 1078 iudicauit.
1349 1035 1413 1078 nec

382 1278 509 1332 stitutum
525 1283 628 1331 temere
644 1273 800 1344 neglexisse
817 1291 872 1326 nou
890 1272 921 1326 fit
937 1271 1005 1326 mihi
1016 1272 1077 1326 ueri
1090 1271 1186 1337 simile,
1205 1271 1316 1326 doctum
1327 1272 1415 1325 homi·

381 1381 451 1417 nem.
471 1364 547 1417 Haec
564 1360 694 1415 Lambini
709 1361 894 1431 supplementa
907 1359 1009 1428 (quibus
1021 1376 1054 1412 ne
1067 1358 1196 1412 Baiterus
1213 1358 1319 1428 quidem
1337 1374 1414 1412 suum

382 1451 480 1504 librum
497 1466 587 1502 carere
608 1447 705 1509 uoluit,
726 1464 758 1500 ne
776 1445 842 1515 quid
864 1445 897 1498 de
915 1463 945 1498 ea
964 1444 1073 1498 inscitia
1091 1443 1180 1498 dicam
1196 1461 1265 1513 quae
1282 1461 1367 1513 nuper
1383 1444 1415 1498 in

381 1537 430 1589 lios
446 1535 529 1588 libros
546 1537 669 1605 prassata
687 1536 735 1596 est)
755 1537 781 1584 et
798 1532 904 1602 quidem
921 1537 977 1585 tam
990 1530 1136 1601 primitiae
1153 1547 1233 1599 quam
1252 1534 1372 1584 correcta
1389 1533 1416 1583 et

383 1628 460 1675 aucta
478 1621 547 1674 unde
556 1619 695 1691 fluxerint
712 1619 862 1688 adscriptae
879 1637 896 1671 a
913 1636 953 1670 me
970 1616 1089 1670 Turneln'
1106 1615 1289 1670 adnotationes
1303 1619 1415 1688 patefa-

383 1708 473 1764 ciant.-
486 1695 614 1760 nimirum
623 1705 686 1758 inde
696 1704 825 1758 Sisennae
837 1703 1049 1758 commemoratio
1061 1707 1174 1771 sumpta,
1187 1720 1268 1772 eaque
1279 1721 1312 1756 ne
1321 1707 1417 1773 postea

383 1793 489 1862 quidem
501 1793 603 1845 abiecte
616 1810 674 1845 eum
685 1791 767 1844 Accii
774 1790 948 1860 familiarem
959 1807 1014 1842 non
1028 1789 1168 1842 Sisennam
1179 1789 1225 1842 sed
1238 1789 1356 1842 Brutum
1368 1806 1415 1841 uo-

383 1878 442 1931 cari
452 1878 522 1932 idem
537 1878 673 1932 Turnebus
686 1875 821 1931 docuisset.
834 1875 931 1945 Itaque
944 1875 1043 1929 exiliis
1056 1873 1245 1928 Lambinianis
1256 1873 1327 1927 nibil
1333 1890 1416 1942 pror-

384 1982 428 2017 sus
446 1962 502 2015 nisi
520 1961 662 2015 Plutarchi
677 1961 866 2024 testimonium,
886 1961 955 2030 qnod
976 1961 1095 2014 Tumrebo
1113 1960 1229 2024 debetur,
1249 1960 1416 2014 retinendum

384 2055 409 2103 et
427 2050 464 2102 ad
480 2051 549 2102 bane
567 2049 724 2102 sententiam
741 2048 913 2117 referendum
930 2050 978 2100 est.
997 2047 1118 2100 Ceterum
1129 2046 1199 2099 milri
1208 2047 1252 2100 lie
1261 2048 1345 2116 paulo
1352 2048 1416 2116 plu·

383 2153 424 2200 ra,
444 2152 523 2205 quam
541 2152 608 2204 quae
625 2136 662 2188 ad
674 2134 860 2203 parentalium
877 2149 991 2186 mensem
1004 2134 1179 2201 pertinerent,
1195 2132 1363 2187 intercidisse
1374 2131 1418 2185 ui·

383 2222 480 2276 dentur
486 2241 493 2284 ;
514 2220 689 2291 inprimisque
708 2220 805 2288 opinor
822 2219 852 2271 in
869 2220 920 2271 liae
938 2219 969 2271 de
987 2217 1028 2270 dis
1044 2218 1168 2272 manibus
1186 2217 1365 2288 disputatione
1377 2219 1417 2272 lo·

384 2326 443 2361 eum
461 2307 581 2360 babuisse
599 2325 637 2371 ea,
660 2325 727 2376 quae
744 2306 777 2358 de
795 2305 994 2358 immortalitate
1011 2303 1163 2357 animorum
1181 2306 1210 2358 in
1227 2305 1268 2358 lis
1284 2305 1361 2359 libris
1373 2323 1417 2358 ea-

379 2394 470 2464 posita
476 2393 568 2464 fuisse
580 2392 741 2446 Lactantius
753 2395 865 2445 testatur
878 2392 948 2444 Inst.
961 2389 1015 2442 diu.
1028 2390 1140 2456 3,1o‚2=
1159 2407 1241 2460 quem
1253 2390 1418 2444 sententiam

384 2479 480 2534 (licere
499 2478 533 2533 de
549 2476 659 2548 legibus
679 2477 718 2531 sic
741 2475 904 2547 explicauit:
920 2472 1156 2546 ‘gratulemurque
1173 2475 1267 2540 nobis,
1288 2476 1418 2545 quoniam

384 2582 457 2618 mors
475 2570 523 2618 eut
539 2562 681 2618 meliorem
698 2579 780 2632 quam
797 2562 845 2632 qui
863 2568 905 2615 est
922 2561 951 2614 in
968 2561 1027 2615 uita
1039 2569 1088 2615 aut
1100 2569 1173 2617 certe
1185 2580 1240 2615 non
1252 2561 1418 2617 deteriorem

384 2648 511 2703 adlatura
528 2655 571 2703 est
588 2655 704 2702 stetum=
724 2666 787 2702 nem
805 2648 864 2702 siue
876 2664 990 2719 corpore
1007 2647 1096 2701 animo
1114 2646 1227 2717 uigente
1245 2647 1340 2703 diuina
1357 2648 1419 2703 uite

385 2741 435 2799 ert,
456 2751 538 2788 sensu
556 2741 665 2789 carente
683 2733 755 2787 nihil
770 2734 894 2804 profecto
913 2741 955 2788 est
972 2731 1054 2787 meli?
1069 2752 1149 2804 quam
1161 2734 1197 2787 ad
1208 2735 1419 2804 disputationem

379 2826 448 2889 puto
460 2820 560 2889 refferri
572 2838 637 2890 quae
645 2820 723 2890 insra
734 2840 756 2874 c.
764 2822 806 2884 27,
815 2821 847 2872 68
856 2838 887 2890 p.
898 2822 955 2884 158,
967 2823 998 2873 17
1010 2821 1134 2891 leguntur
1145 2819 1275 2890 deinceps
1288 2819 1356 2875 dicit
1368 2821 1419 2886 (ui-

384 2907 478 2960 delicet
489 2905 575 2970 Plato)
590 2906 685 2959 eudem
695 2903 743 2959 illu
757 2905 893 2970 (nimirum
905 2924 971 2975 quae
984 2909 1038 2970 nos)
1052 2905 1086 2958 de
1097 2905 1303 2960 immortalitate
1314 2906 1419 2962 enimo-

384 3011 458 3057 rum;
478 2993 525 3045 uli
535 2993 596 3046 uide
608 2993 736 3046 adnotata
806 2990 907 3044 doctus
923 3010 983 3047 corr
1001 2991 1100 3059 domus
1115 2992 1152 3045 H
1216 2990 1305 3046 crurus
1317 2994 1353 3048 Η

385 3078 477 3133 accius
494 3078 662 3134 Heinsianas
679 3075 770 3132 sonus
785 3079 840 3132 AB
945 3080 956 3129 1
981 3075 1003 3130 l'r
1019 3078 1064 3131 lue
1081 3079 1176 3133 ΑΒΗ
1275 3077 1420 3133 december

385 3167 450 3221 BH
464 3164 624 3220 december
642 3162 667 3229 (b
685 3181 716 3217 ee
733 3180 751 3233 p
770 3169 836 3228 corr]
851 3166 878 3216 Α
982 3163 1021 3218 sic
1037 3163 1083 3218 hic
1100 3163 1271 3218 decembrem
1288 3164 1420 3218 editiones

499 3253 515 3304 2
534 3267 650 3321 sperent
667 3268 713 3328 ere
731 3252 758 3300 Α
872 3247 936 3304 eli&
956 3250 992 3303 H
1097 3247 1222 3320 ‘pietatis
1240 3249 1417 3304 adiunctum

385 3338 514 3408 quomodo
532 3336 662 3390 attributa
680 3354 770 3390 rerum
789 3341 812 3390 et
825 3351 1004 3406 personarum
1022 3334 1110 3390 dicere
1127 3337 1248 3398 salernas,
1264 3336 1303 3390 ita
1318 3337 1368 3390 boe
1380 3337 1420 3390 lo·

386 3440 415 3475 aa
435 3421 595 3476 adiunctum
613 3421 726 3493 pietatis
744 3421 823 3486 dicit,
834 3439 888 3492 pro
896 3421 1009 3492 pietatis
1020 3421 1193 3476 adiunctione
1205 3422 1248 3476 uel
1259 3422 1417 3476 adiectione.

385 3510 433 3562 sed
448 3527 530 3578 penus
547 3509 596 3562 lroe
613 3509 724 3562 dicendi
739 3527 803 3563 sane
820 3508 937 3577 quodam
948 3508 1023 3561 modo
1034 3507 1150 3562 insolens
1163 3513 1209 3573 est,
1223 3526 1317 3562 uerum
1328 3509 1419 3561 eodem

384 3595 463 3647 modo
481 3595 574 3648 scribit
593 3595 683 3649 Oicero
700 3596 739 3662 [de
749 3597 805 3666 fin.
818 3597 842 3660 4,
851 3596 893 3659 24,
903 3595 943 3659 68]
959 3592 1040 3659 illud,
1054 3593 1133 3649 ouius
1145 3593 1175 3647 id
1186 3611 1356 3664 consequens
1370 3593 1416 3659 sit,

385 3696 441 3732 non
456 3696 538 3748 posse
557 3696 616 3734 esse
628 3679 740 3735 uerum?
759 3681 909 3744 Tarpeium
924 3679 1021 3751 pietati
1032 3679 1192 3734 adiunctum
1203 3681 1241 3733 R.
1255 3681 1417 3750 Stephanus,

385 3763 545 3819 adiunctum
562 3767 629 3819 delet
645 3768 763 3822 Belius.
784 3768 886 3833 Confer
903 3767 992 3821 Aead.
1006 3772 1079 3835 past.
1098 3768 1122 3830 1,
1137 3769 1161 3832 5,
1177 3768 1207 3820 21
1228 3769 1264 3832 (6,
1278 3768 1322 3832 22]
1342 3763 1420 3820 uitae

386 3857 477 3905 sutem
499 3850 628 3906 adiuncta
650 3871 710 3907 esre
733 3852 874 3916 dicebant,
895 3869 965 3921 quoe
983 3851 1019 3906 ed
1036 3851 1150 3907 uirtutis
1172 3870 1254 3908 usum
1276 3849 1416 3916 ualerent;

385 3954 448 3992 nem
466 3936 556 3991 uirtus
574 3937 603 3990 in
621 3938 705 3992 enimi
722 3938 802 3992 bonis
821 3945 849 3992 et
866 3937 894 3992 in
916 3938 1040 4009 corporis
1063 3938 1185 3993 cernitur
1209 3946 1236 3993 et
1258 3937 1288 3990 in
1305 3936 1419 4008 quibus-

386 4024 456 4088 dem,
476 4041 547 4093 quse
564 4041 620 4078 uon
636 4031 694 4078 tem
710 4031 825 4078 naturae
842 4042 925 4095 quem
941 4025 1038 4079 beatae
1055 4023 1131 4078 uitae
1148 4024 1279 4079 adiuncta
1296 4029 1373 4086 sunt;
1394 4026 1422 4076 et

385 4109 511 4164 similiter
528 4109 661 4164 attribute
678 4109 818 4180 personis,
838 4109 958 4180 negotiis
976 4112 1009 4165 de
1026 4109 1082 4165 ina.
1100 4112 1123 4174 1,
1138 4112 1180 4175 24,
1197 4112 1229 4162 34
1345 4109 1361 4159 3
1379 4105 1421 4162 le·

385 4187 521 4284 pulelrorir
539 4216 566 4266 A
670 4217 685 4265 5
704 4213 738 4266 A.
759 4212 914 4283 Torqustus
934 4213 968 4266 R.
987 4213 1139 4283 Stephanus
1157 4208 1325 4283 erorquerus
1340 4210 1421 4264 seda
