3250 4974
525 449 687 490 PRAEFATIO
705 451 803 491 Novas
820 450 967 492 EDITIONIS
1205 459 1265 503 XXI

235 620 267 674 et
289 610 414 674 ratione
435 621 606 694 perspecta
628 611 836 675 iudicaturos.
862 611 984 676 etenim
1005 611 1051 674 ita
1074 612 1264 697 scripseram

234 731 270 795 in
291 731 494 815 praefatione
509 754 541 816 p.
557 753 595 795 111
611 738 642 795 et
663 732 850 797 Vossiaaum
865 735 899 796 A
914 733 1039 817 quidem
1054 732 1110 817 qui
1123 754 1264 818 perpar-

232 853 323 937 paut't
351 852 535 939 nescioquo
562 853 736 936 elepaatioe
758 854 860 918 studio
889 855 1000 918 duatus
1026 853 1166 920 radendo
1185 854 1264 938 fere

230 972 415 1056 primitiam
437 973 612 1056 armaturas
634 973 750 1038 deleuit
772 983 803 1038 et
816 953 872 1038 abi
885 975 937 1039 ael
950 975 1073 1039 litterae
1088 975 1264 1059 syllabaeue

234 1094 422 1158 correctione
445 1095 578 1180 dffaopi
592 1103 716 1178 posset,
748 1117 839 1178 saepe
862 1104 928 1160 tota
949 1095 1102 1160 uocabula
1123 1095 1265 1171 abrasit;

234 1215 328 1278 ouius
350 1215 397 1279 rei
420 1216 569 1300 exempla
592 1217 696 1280 multa
712 1239 753 1281 ex
768 1215 977 1280 adnotatione
992 1237 1065 1280 mea
1081 1216 1150 1301 peti
1171 1227 1265 1301 pote-

233 1346 315 1416 rant,
338 1337 440 1416 uelut,
465 1348 503 1401 ut
516 1337 579 1400 hoc
594 1360 684 1401 nuno
699 1359 855 1422 promam,
879 1361 911 1422 p.
932 1346 1000 1418 108,
1019 1346 1036 1401 9
1054 1359 1130 1400 oum
1144 1345 1175 1401 et
1189 1335 1264 1402 ard-

233 1455 352 1540 spieum
373 1460 410 1538 B,
431 1465 462 1522 et
482 1457 662 1541 aruspicum
684 1458 721 1521 in
743 1481 855 1522 rasura
869 1461 907 1539 A,
932 1458 1085 1542 idemque
1108 1459 1165 1522 sed
1186 1469 1224 1523 ut
1243 1481 1265 1522 u

235 1588 378 1642 correcta
393 1577 435 1642 sit
449 1578 652 1642 Heinsianus
668 1579 828 1660 exhibeat,
846 1579 926 1663 quid
940 1579 1092 1665 primitus
1107 1580 1265 1664 seriptum

235 1697 333 1762 fuisse
350 1699 386 1762 in
401 1701 430 1762 A
445 1699 654 1783 putabimus?
674 1712 731 1764 aut
745 1723 776 1785 p.
795 1708 892 1781 61,11
912 1700 970 1764 ubi
985 1708 1032 1764 est
1045 1709 1122 1764 nota
1137 1700 1265 1785 deflui-

234 1819 290 1882 bas
301 1821 402 1883 uerba
416 1819 452 1883 in
467 1843 579 1884 rasura
594 1832 685 1900 sunt3
700 1832 732 1885 et
743 1843 838 1905 saepe
850 1821 929 1885 alias
941 1821 1009 1886 non
1024 1822 1153 1906 singula
1165 1825 1266 1886 uerba

234 1940 291 2003 sed
305 1940 400 2024 plura
424 1941 588 2021 continua,
614 1943 654 2006 de
670 1943 789 2026 quibus
804 1965 900 2006 nemo
916 1965 1074 2026 umquam
1090 1942 1262 2023 dubitauit,

235 2059 271 2123 in
293 2062 323 2124 A
345 2062 413 2126 solo
436 2063 555 2147 scripta
577 2073 655 2127 sunt
677 2063 713 2127 in
735 2066 807 2128 loco
830 2086 910 2127 raso.
944 2065 1055 2147 itaque
1079 2086 1156 2127 cum
1177 2065 1266 2127 modo

233 2181 356 2267 rituque
378 2184 414 2246 in
429 2185 459 2246 A
477 2184 513 2247 in
535 2207 647 2248 rasura
670 2194 790 2264 extent,
816 2185 929 2248 eadem
943 2185 1146 2249 Heinsianus
1161 2184 1267 2269 prima

235 2304 478 2388 manuscripta
501 2305 666 2385 exhibeat,
690 2305 786 2385 haec,
812 2328 895 2389 quae
918 2328 985 2369 non
1008 2305 1199 2369 dubitabam
1226 2327 1267 2368 ex

236 2423 404 2488 communi
432 2425 522 2489 fonte
552 2426 651 2490 ducta
681 2448 761 2505 esse,
794 2425 874 2490 item
904 2438 979 2490 ante
1006 2426 1141 2490 lituram
1168 2426 1267 2490 luisse

235 2543 271 2607 in
293 2547 323 2609 A
345 2546 516 2626 adnotaui,
541 2569 579 2610 ea
605 2559 715 2612 mente
743 2546 882 2626 scilicet,
908 2569 973 2631 qua
994 2548 1088 2611 uelut
1109 2569 1141 2631 p.
1159 2553 1208 2626 23,
1230 2555 1267 2610 10

236 2665 369 2729 Halmio
399 2689 585 2753 repugnans
608 2669 663 2732 deo
686 2675 722 2733 at
748 2667 813 2733 iam
835 2669 923 2752 quod
952 2679 1001 2732 est
1026 2669 1063 2732 in
1084 2668 1268 2732 Heinsiano

236 2786 315 2850 item
337 2787 373 2850 in
394 2790 424 2850 A
449 2799 524 2853 ante
553 2789 698 2869 lituram,
723 2789 759 2853 in
783 2811 847 2872 qua
868 2811 959 2852 nuno
981 2789 1139 2873 scriptum
1162 2800 1210 2854 est
1232 2790 1270 2853 de

237 2908 451 2988 etiam,i11isse
467 2931 733 2990 memoraueram,
749 2911 907 2974 debebam
921 2911 1059 2974 dentiam
1074 2911 1174 2975 fuisse
1190 2910 1269 2974 sori-

237 3029 321 3109 bere,
335 3030 424 3094 unde
439 3032 496 3095 deo
511 3039 548 3096 at
561 3033 625 3096 lam
636 3031 840 3096 Heinsianus
855 3040 943 3095 reate
959 3029 1073 3110 effecit,
1092 3041 1124 3095 et
1139 3053 1269 3095 rasurae

239 3172 336 3214 causa
351 3173 434 3235 quae
453 3152 603 3217 fueritin
618 3153 675 3216 illo
690 3152 894 3237 intelligitur.
919 3152 966 3215 ita
980 3152 1037 3215 illo
1053 3173 1183 3235 quoque
1198 3152 1269 3215 loco

236 3271 308 3335 fieri
335 3274 443 3357 potuit
465 3284 503 3336 ut
529 3274 639 3338 littera
662 3275 899 3338 desideraretur
921 3283 978 3337 aut
1009 3295 1110 3357 praue
1140 3282 1270 3336 exarata

238 3404 327 3473 esset,
352 3394 487 3459 fortasse
509 3405 639 3459 tantum
661 3395 742 3459 falso
758 3395 918 3479 dispestae
941 3395 1083 3479 syllabae
1100 3403 1215 3474 essent,
1233 3402 1270 3456 ut

235 3525 346 3579 tamen
367 3516 460 3579 nullo
482 3526 578 3600 pacto
601 3516 739 3579 dubium
762 3538 830 3581 esse
853 3525 961 3600 posset
983 3515 1064 3598 quin
1086 3514 1269 3597 modora'taq.

235 3635 402 3720 primitiua
424 3636 585 3720 scriptura
607 3647 697 3717 esset,
722 3647 855 3722 propter
876 3635 973 3699 illum
990 3657 1132 3699 errorem
1146 3635 1183 3698 in
1198 3657 1269 3698 raso

236 3756 307 3820 looo
329 3757 478 3842 reposita.
504 3757 630 3825 Quodsi
645 3758 717 3842 quis
733 3758 810 3842 quia
831 3758 913 3820 haec
934 3757 1005 3841 ipsa
1020 3758 1121 3821 uerba
1135 3755 1172 3820 in
1186 3758 1270 3821 Vos-

239 3877 330 3941 siano
346 3879 447 3942 altero
463 3901 562 3963 supra
577 3901 710 3942 uersum
725 3879 829 3963 posita
844 3887 929 3958 sunt,
947 3877 1068 3941 idcirco
1086 3877 1122 3941 in
1138 3879 1168 3941 A
1182 3877 1271 3940 idem

239 3999 326 4081 quod
347 3999 383 4062 in
398 4002 434 4079 Β,
453 3999 614 4083 publicem
629 4021 715 4084 qaae,
740 4009 816 4064 ante
832 4020 977 4062 rasuram
998 3998 1156 4082 seriptum
1170 3997 1270 4060 fuisse

239 4119 399 4203 opinetur,
421 4141 554 4204 possum
576 4121 726 4205 exemplo
749 4119 832 4183 lueis
855 4142 916 4204 ope
938 4129 1050 4204 parato
1067 4120 1208 4183 confisus
1223 4118 1272 4181 af-

237 4241 375 4314 firmare,
401 4241 431 4303 ei
454 4240 603 4325 opinioni
624 4239 742 4303 liturae
766 4239 907 4323 spatium
924 4240 1012 4322 quod
1035 4249 1083 4303 est
1104 4238 1140 4301 in
1158 4239 1188 4301 A
1202 4259 1272 4300 ma-
