3252 4964
636 408 847 472 1121‚52-53
1201 409 1259 471 137

229 581 389 659 maximis,
413 581 558 664 itemque
574 580 696 657 ceteris,
719 601 781 657 coe,
807 579 864 662 qui
885 579 1082 642 tantundem
1097 592 1259 664 caperent,

232 695 393 770 quantum
407 707 520 748 omnes
542 683 686 762 heredes,
711 681 809 747 saeris
831 681 968 766 alligari.
991 681 1096 746 habeo
1111 683 1163 747 ius
1177 707 1261 768 pon-

181 789 380 853 53tifioium.
409 787 489 870 quid
516 786 583 850 huc
610 785 745 849 accessit
771 807 813 848 ex
839 785 910 848 iure
937 785 1049 849 ciuili‘l
1076 787 1263 870 partitionis·

231 903 330 977 caput
352 891 510 975 scriptum
532 899 634 968 caute,
659 900 697 953 ut
712 899 847 953 centum
861 889 990 951 nummi
1005 888 1260 956 deducerentur:

230 995 369 1059 inuenta
391 1004 439 1057 est
461 993 551 1071 ratio,
577 1013 635 1055 our
656 993 798 1077 pecunia
820 1013 987 1056 sacrorum
1008 994 1157 1057 molestia
1178 995 1291 1059 libe-⁵

230 1108 365 1163 raretur.
395 1095 487 1179 quasi
514 1095 589 1175 hoc,
619 1095 676 1178 qui
703 1106 935 1159 testamentum
962 1095 1114 1176 faciebat,
1146 1120 1261 1162 cauere

230 1201 396 1279 noluisset,
422 1200 576 1263 admonet
590 1198 671 1262 iuris
687 1200 863 1278 consultuS,
882 1200 936 1262 hic
952 1199 1086 1283 quidem
1100 1201 1169 1284 ipsc
1184 1203 1262 1264 Mu-

232 1305 309 1384 ciuS,
341 1303 491 1389 pontifex
517 1303 613 1381 idem,
642 1313 680 1366 ut
709 1302 820 1366 minus
850 1302 957 1386 capiat
985 1325 1083 1386 quam
1110 1305 1262 1369 omnibus

230 1408 405 1472 heredibus
433 1405 646 1489 relinquatur.
671 1427 769 1489 supra
791 1407 951 1484 dicebant,
977 1406 1135 1489 quicquid
1158 1407 1263 1493 cepis-

231 1683 257 1736 &
274 1680 493 1751 hucolruncarro
512 1683 540 1735 Β
562 1681 588 1734 n
606 1697 766 1734 coruncano
785 1682 845 1733 HA
867 1681 913 1734 ced
930 1679 960 1734 in
976 1681 1023 1734 dcc
1041 1681 1067 1734 8ι
1085 1699 1152 1736 coru
1169 1683 1199 1736 in
1217 1701 1264 1736 rc-

231 1785 295 1821 curu
389 1769 400 1818 1
419 1767 539 1835 itemque
558 1765 701 1820 Manutius
719 1765 862 1836 idemquae
879 1771 905 1820 A
922 1765 1018 1838 ldemq
1037 1769 1105 1822 BH
1190 1785 1264 1822 cere·

232 1851 271 1907 rrl'
285 1850 386 1907 cerens
401 1855 429 1907 B
447 1849 548 1931 cerens
565 1853 602 1905 H
709 1850 840 1920 'ranltum
858 1851 920 1906 dem
936 1856 965 1909 Β
1085 1871 1133 1923 qur
1153 1873 1265 1908 tannim

232 1936 291 1993 oriri
305 1938 400 1992 mediis
418 1937 524 1992 omiccie
543 1939 580 1990 H
664 1939 680 1990 2
698 1936 813 1991 herede
831 1938 959 1992 editiones
976 1938 1125 1994 heredibus
1140 1941 1206 1993 AH
1218 1940 1266 1994 he-

232 2024 313 2086 rcdrb3
334 2027 361 2078 Β
475 2024 563 2077 habeo
583 2024 749 2078 Heinciunuc
766 2022 852 2077 *abeo
869 2025 898 2076 Α
916 2023 984 2078 abeo
1002 2028 1031 2080 B
1146 2027 1161 2077 3
1183 2024 1265 2080 crude

232 2127 291 2164 corr
306 2099 329 2162 li
346 2111 374 2162 Α
488 2107 653 2180 particionrl
668 2109 793 2164 distincte
812 2109 849 2162 H
964 2108 1114 2181 paucronrl
1129 2111 1219 2181 capud
1237 2113 1265 2166 B

351 2198 368 2248 4
385 2194 497 2250 numrde
515 2195 685 2250 ducerentur
704 2198 740 2250 H
850 2194 1072 2250 *deducerentur
1091 2195 1152 2260 (ded
1169 2197 1199 2250 in
1217 2215 1265 2250 ra-

232 2303 303 2365 euru)
322 2301 351 2354 A
460 2301 475 2350 5
494 2273 539 2366 cui
555 2299 583 2352 Β
691 2297 785 2366 lacroq
801 2296 940 2363 [Q
959 2300 995 2353 H
1109 2296 1264 2354 hberaredr

233 2385 257 2450 (⁹
272 2405 290 2440 a
308 2391 376 2451 corr)
394 2388 423 2441 Β
535 2389 551 2438 6
568 2385 649 2456 quasi
665 2385 764 2456 arripui
779 2381 851 2454 qursr
868 2385 896 2436 B
914 2384 981 2454 qurd
998 2384 1019 2438 sr
1036 2386 1103 2439 ΑΗ
1114 2384 1215 2455 quodsi
1227 2387 1263 2439 Β.

234 2471 400 2542 Stephanum
411 2472 519 2538 [retinui
527 2472 746 2542 quodpocuerem
753 2471 848 2540 quaei;
862 2473 934 2540 quod
941 2471 990 2541 qui
999 2471 1201 2544 improperarunt,
1212 2488 1266 2525 uon

232 2561 301 2611 recte
317 2562 456 2627 ceperunt,
476 2577 509 2611 ne
529 2557 687 2611 Huccdkiuc
705 2556 824 2626 quiden,
846 2558 943 2611 nedum
965 2557 988 2610 n·
1004 2558 1051 2628 qui
1068 2558 1097 2612 in
1115 2559 1191 2612 claro
1208 2558 1266 2612 luce

233 2644 364 2697 caecutire
380 2644 466 2697 colent
483 2649 509 2697 et
526 2648 614 2696 tamen
631 2642 802 2712 menerbiunt:
815 2644 959 2716 pontifices
972 2660 1003 2696 ec
1016 2643 1152 2698 Uiceronr'e
1164 2649 1267 2697 center

233 2730 283 2794 tiu,
302 2732 328 2784 ci
344 2729 409 2799 quid
427 2729 456 2782 in
470 2728 631 2800 partitionis
649 2729 736 2798 cupite
753 2728 843 2782 minuc
860 2733 935 2782 caute
953 2729 1083 2800 scriptum
1099 2731 1125 2782 Ιι.
1138 2748 1160 2784 e.
1178 2730 1203 2782 ci
1219 2727 1266 2783 de·

232 2817 311 2870 ducta
329 2833 409 2884 quarn
422 2833 455 2885 p.
471 2817 530 2879 134,
546 2817 561 2866 1
574 2814 642 2868 dicit
649 2814 801 2885 praeterita
813 2819 879 2877 erut,
894 2815 1030 2870 testatoris
1041 2815 1205 2869 uoluntatem
1212 2832 1267 2884 po-

233 2902 286 2954 tius
309 2901 486 2970 interpretari
507 2918 589 2970 neque
610 2901 751 2954 concedere
770 2901 897 2955 debebunt
914 2906 945 2955 ut
966 2901 1106 2972 quicquum
1124 2901 1205 2971 quoti
1220 2900 1266 2954 iu-

233 2987 329 3042 cciente
347 2992 471 3042 testatore
479 2989 573 3058 fieret,
594 3003 668 3056 quem
681 2987 718 3040 ud
728 2987 836 3040 modum
847 2988 878 3041 iu
888 2988 1033 3042 donatione
1052 2989 1122 3056 quod
1139 2987 1267 3040 insciente

234 3073 340 3127 domino
357 3076 464 3141 sactum
481 3077 528 3136 ert,
548 3078 638 3127 ratum
654 3091 708 3126 non
726 3072 837 3126 babetur
856 3076 896 3142 (p.
916 3075 1058 3139 134,1o)=
1079 3072 1125 3126 illi
1140 3090 1217 3137 uero,
1237 3076 1268 3125 ut

233 3165 423 3231 apparentem
439 3158 621 3230 pontificalem
639 3159 826 3212 auctoritatem
844 3158 957 3213 scientia
970 3158 1050 3212 ciuili
1060 3159 1173 3222 eludere,
1187 3157 1267 3227 quasi
1292 3155 1295 3161 ’

233 3250 351 3311 testator,
372 3246 402 3299 id
419 3246 487 3316 quod
498 3249 580 3316 sorte
597 3251 671 3298 ceute
688 3245 819 3314 sumptum
836 3263 889 3299 non
911 3249 983 3310 erat,
1003 3260 1103 3298 cauere
1120 3242 1265 3308 noluisset,

233 3331 324 3386 iubent
341 3332 500 3402 leqatcriurn
518 3332 548 3384 id
565 3348 644 3401 apere
660 3349 711 3400 quo
730 3349 747 3383 a
764 3330 848 3384 cccric
864 3330 1001 3396 iuberetur,
1014 3332 1065 3384 lucc
1076 3345 1108 3382 eu·
1119 3347 1150 3383 ec
1160 3334 1267 3382 centen-

234 3418 272 3471 tic
290 3436 371 3488 quom
383 3435 416 3488 p.
427 3419 485 3482 134,
497 3421 513 3469 5
526 3417 620 3488 poenit
638 3422 720 3486 atque
738 3415 821 3470 etiam
837 3415 904 3470 dant
916 3415 953 3481 (id
963 3420 1003 3469 ert
1015 3414 1183 3469 concedunt:
1203 3433 1267 3468 uum

234 3503 263 3556 in
280 3522 310 3557 eo
329 3521 429 3574 quoque
446 3504 546 3574 nuperi
563 3503 722 3572 interpreter
738 3501 852 3555 ridicule
870 3501 1025 3566 titubarunt)
1042 3501 1095 3555 hoc
1108 3499 1266 3565 Scaeuolae,

232 3605 315 3658 quom
333 3597 376 3643 eet
391 3589 514 3660 partitio,
534 3595 574 3655 ut,
596 3589 620 3644 ei
637 3588 667 3641 in
684 3593 848 3642 testamento
866 3584 985 3662 deducta
997 3586 1099 3656 scripta
1111 3604 1167 3640 non
1180 3587 1216 3641 uit
1226 3585 1268 3657 ip·

233 3674 311 3744 eique
327 3674 419 3729 minue
437 3673 562 3745 ceperint
579 3691 661 3744 quam
677 3673 806 3728 omnibus
822 3670 972 3726 heredibus
986 3671 1167 3742 relinquatur,
1182 3671 1268 3726 sacris

232 3777 268 3812 ne
285 3758 441 3830 alligentur.
465 3761 510 3833 Os.
529 3761 565 3814 ad
578 3762 738 3825 Herennl,
754 3761 794 3824 12,
812 3760 842 3810 lo
861 3757 890 3810 in
909 3775 992 3812 causa
1008 3757 1139 3812 rationali
1156 3775 1269 3828 quaere-

232 3851 287 3911 tur,
307 3852 401 3900 utrum
417 3845 543 3901 consulto
562 3844 596 3898 de
615 3863 647 3899 ec
664 3862 693 3899 re
713 3843 846 3914 scriptum
862 3861 917 3897 non
936 3843 982 3910 eit,
1002 3844 1078 3914 quod
1092 3843 1213 3898 noluerit
1224 3859 1267 3897 ca·

232 3947 307 3996 uere,
327 3949 362 3985 an
380 3931 454 4001 quod
473 3931 540 3987 eatis
558 3939 669 3987 cautum
686 3928 792 4001 putarit
807 3936 920 4000 propter
932 3937 1086 3985 ceterorum
1103 3929 1268 3999 scriptorum

233 4015 454 4081 similitudinem
475 4018 507 4070 de
525 4018 582 4072 inu.
596 4020 621 4082 2,
636 4018 679 4081 41,
696 4018 762 4082 mo]
852 4009 871 4067 ’1
889 4014 960 4070 iuris
978 4015 1120 4072 consultus
1139 4013 1268 4069 editiones

232 4101 301 4157 runi
318 4100 406 4168 (lunis
423 4103 466 4169 H)
485 4101 610 4157 consulto
628 4102 724 4156 ABH
822 4100 934 4157 Mucius
947 4105 1000 4167 (uel
1009 4102 1123 4167 Mutius)
1137 4099 1268 4154 editiones

231 4203 342 4258 munrul
356 4206 423 4259 BH
435 4181 536 4260 muniis
550 4208 578 4259 Α
665 4203 839 4275 orelmquat
855 4208 884 4261 Β
971 4202 1020 4276 sup
1038 4199 1274 4260 drcebcnrrlBH
