3252 4964
352 427 413 488 195
794 431 829 472 m
848 420 888 484 16,
909 420 942 471 36

351 596 488 678 luitque,
506 593 614 676 quoad
633 591 725 672 uixit,
742 614 785 671 se,
803 603 841 656 ut
860 590 1059 676 opprimeret
1074 589 1110 654 Ο.
1127 571 1303 673 Popilium,
1326 612 1387 653 no-

353 699 457 762 cuisse
472 697 521 761 rei
535 695 695 780 publicae.
720 706 753 759 et
768 717 850 758 auus
866 694 1000 777 quidem
1014 704 1124 757 noster
1139 692 1299 778 singulari
1318 695 1387 757 uir-

352 812 423 865 tute
445 801 481 863 in
500 801 563 862 hoc
581 797 769 882 municipio,
788 798 896 881 quoad
917 797 1011 875 uixit,
1029 795 1148 860 restitit
1162 798 1207 860 M.
1225 796 1384 876 Gratidio,

353 905 447 968 cuius
469 903 507 966 in
528 901 735 966 matrimonio
758 923 907 980 sororem,
928 901 1037 964 auiam
1058 909 1211 978 nostram,
1235 901 1384 978 habebat,

322 1031 335 1068 a
352 1006 471 1072 ferenti
486 1006 592 1090 legem
607 1004 822 1069 tabellarium:
840 1004 1004 1068 excitabat
1019 1003 1108 1068 enim
1122 1003 1243 1067 fluctus
1258 1003 1294 1066 in
1309 1003 1388 1067 sim-

353 1111 440 1196 pulo,
466 1119 503 1172 ut
518 1108 645 1186 dicitur,
664 1107 842 1185 Gratidius,
868 1128 948 1190 quos
970 1116 1043 1189 post
1064 1106 1153 1170 filius
1176 1106 1246 1170 eius
1262 1106 1387 1170 Marius

353 1215 390 1276 in
411 1215 540 1297 Aegaeo
563 1210 721 1275 excitauit
742 1209 833 1274 mari.
872 1232 910 1272 ac
932 1220 1042 1273 nostro
1065 1209 1198 1292 quidem
1222 1238 1241 1274 a
1257 1238 1275 1274 s
1302 1261 1308 1272 .
1333 1210 1387 1273 cui

354 1339 431 1380 cum
452 1337 503 1378 res
524 1325 607 1378 esset
625 1314 667 1377 ad
689 1336 722 1377 sc
746 1313 860 1392 delata,
874 1315 920 1377 M.
939 1313 1081 1376 Scaurus
1102 1313 1217 1377 consul
1229 1305 1388 1376 ‘utinam-

348 1486 490 1557 soramina
507 1486 538 1538 in
554 1486 715 1550 membrano)
730 1487 757 1539 B
862 1487 874 1535 1
891 1483 1011 1554 quosadl
1030 1483 1056 1548 (d
1068 1487 1153 1550 erasa)
1167 1501 1240 1537 urxrt
1251 1486 1279 1536 A
1297 1483 1389 1553 quoad

355 1579 403 1626 uri
418 1575 446 1626 B
465 1573 517 1638 (sic)
657 1589 686 1624 se
704 1577 736 1624 ut
753 1569 920 1640 opprimeret
937 1569 968 1624 O.
982 1569 1123 1640 Popilium
1135 1569 1293 1640 (Popillium
1306 1571 1389 1624 Lam-

355 1658 438 1723 binus)
457 1657 585 1710 nocuisse
604 1657 686 1710 etiam
701 1656 792 1722 (etiam
809 1656 905 1708 abiecit
918 1657 1056 1722 Dasium)
1076 1656 1161 1727 reip.
1186 1657 1323 1710 lurnabus
1342 1654 1389 1709 lad

355 1778 391 1813 ur
409 1761 572 1830 opprimar&
592 1776 626 1812 ·o·
645 1757 750 1830 populu
767 1758 925 1812 nocuissent
944 1745 1000 1812 uis·
1014 1763 1070 1815 AB
1174 1761 1189 1810 3
1208 1758 1301 1829 quoad
1317 1757 1390 1812 uixit

356 1863 483 1917 aditiones
494 1862 570 1932 quod
582 1861 701 1915 adduxit
712 1864 740 1914 A
752 1859 790 1931 qd
802 1861 922 1915 adduxit
933 1864 961 1916 B
1073 1865 1089 1915 4
1102 1862 1178 1917 sores
1191 1880 1253 1915 corr
1265 1836 1299 1932 ld
1298 1838 1348 1915 ⁰15*
1360 1865 1388 1915 A

458 1948 577 2002 habebat
594 1948 723 2002 aditiones
739 1948 873 2002 habeball
890 1951 947 2003 AB
1051 1947 1186 2002 bfluctus
1205 1948 1388 2018 Hieronymus

356 2035 504 2088 Ferrarius
521 2038 585 2087 testa
604 2035 634 2088 P.
653 2033 796 2099 Manutia,
814 2035 849 2087 R.
864 2035 1016 2105 Stephanus
1033 2033 1116 2088 fletus
1131 2036 1187 2088 AB
1319 2032 1387 2104 sym·

355 2136 421 2208 pulo
439 2139 467 2192 B
588 2141 603 2190 6
623 2136 733 2192 cradlus
747 2156 809 2191 carr
827 2111 941 2205 grallial
954 2142 983 2191 A
1114 2136 1219 2191 marrus
1232 2138 1269 2202 B,
1289 2155 1331 2190 am
1349 2139 1385 2198 A,

355 2224 429 2277 auius
446 2225 605 2276 auctoritate
622 2224 701 2276 abusi
716 2224 846 2277 Halmius
863 2227 889 2276 et
906 2224 1034 2278 Baiterus
1056 2223 1197 2277 delendum
1218 2240 1272 2275 essa
1293 2241 1388 2276 nomm

356 2313 528 2371 censuerunt,
549 2311 621 2380 quod
638 2309 686 2379 qui
705 2309 834 2362 exciderit
855 2309 886 2361 in
907 2309 955 2363 illo
978 2309 1061 2374 libro,
1085 2327 1167 2362 causa
1184 2311 1332 2380 manifesta
1350 2312 1388 2362 ast

460 2398 475 2446 7
493 2412 522 2448 m
540 2411 654 2465 aegreco
672 2397 700 2450 B
717 2396 885 2474 mulsegaeo
908 2398 934 2474 (e
951 2395 981 2448 in
999 2413 1095 2449 rasura
1112 2399 1184 2462 corr)
1207 2397 1235 2447 A
1339 2411 1389 2446 ex-

354 2499 459 2535 mauu
471 2482 499 2534 B
586 2479 761 2550 qu1demqu1
778 2486 813 2534 cir
824 2483 895 2544 AB,·
915 2481 1035 2550 desectus
1052 2481 1184 2535 indicium
1195 2481 1270 2552 feci·
1291 2480 1388 2549 opinor

356 2567 427 2620 anim
443 2569 508 2620 baec
525 2567 564 2621 sia
574 2570 640 2636 fara
657 2571 767 2620 asarota
779 2567 872 2638 fuisse
893 2583 924 2620 ao
941 2574 1036 2620 nostro
1054 2565 1166 2636 quidem
1182 2566 1244 2636 (auo
1262 2583 1388 2635 magnam

357 2669 390 2706 aa
406 2670 451 2706 res
469 2651 562 2706 attth
578 2651 713 2721 laudem).
735 2650 781 2706 oui
798 2669 873 2716 cum3
898 2655 976 2718 [narn
993 2670 1041 2706 noc
1059 2671 1112 2707 auo
1130 2653 1219 2708 abasse
1233 2657 1324 2723 potest
1340 2669 1388 2704 nec

356 2737 422 2790 satis
436 2737 573 2808 probabili
589 2737 750 2791 comestione
768 2757 800 2791 aa
811 2737 860 2807 qui
871 2739 1028 2807 recuperari
1037 2737 1153 2800 uidetur,
1168 2739 1197 2792 in
1209 2737 1329 2791 aratione
1341 2755 1387 2789 uu-

356 2827 410 2877 tam
427 2823 453 2876 si
469 2823 534 2892 quid
551 2823 636 2876 santio
653 2824 717 2876 boec
734 2839 766 2876 ao
782 2830 877 2878 nostro
895 2823 1007 2893 quidem
1024 2841 1077 2878 auo
1099 2822 1195 2877 consul
1218 2823 1309 2893 inquit
1331 2840 1387 2876 san·

357 2909 441 2963 tantia
458 2909 578 2980 perrarali
593 2927 648 2962 non
660 2909 814 2978 praemissa
835 2927 934 2980 parum
951 2916 1014 2980 apte
1031 2915 1078 2964 urit
1094 2915 1204 2964 uenuste
1222 2909 1388 2978 coniunyun-

306 3061 308 3065 y
356 2997 421 3062 tua]
532 2992 602 3048 mari
620 3010 651 3048 ac
668 3001 763 3048 nostro
780 2995 899 3064 quidem.
917 2994 983 3065 quoi
1001 3013 1062 3050 cum
1081 2997 1118 3050 Ε.
1140 2997 1291 3065 Stephanus
1308 2994 1385 3048 mari.

357 3098 388 3135 ao
404 3088 499 3135 nostro
517 3079 629 3150 quidam
646 3098 699 3134 auo
717 3098 778 3135 cum
797 3080 945 3135 Lambinus
1049 3082 1064 3133 8
1082 3080 1118 3135 ad
1136 3088 1260 3135 senatum
1278 3081 1389 3135 Madui·

356 3167 416 3238 pius
431 3169 502 3238 Opp.
517 3169 542 3230 2,
559 3168 616 3232 165,
634 3168 774 3238 [probauit
787 3166 924 3234 Baituus,
944 3187 977 3221 ne
995 3168 1062 3238 quid
1078 3168 1111 3221 de
1128 3167 1164 3220 iis
1182 3168 1271 3221 dicam
1289 3168 1337 3238 qui
1347 3166 1388 3220 ni-

357 3253 398 3306 bil
412 3271 494 3325 supra
511 3252 648 3306 triuialcm
665 3258 750 3306 artem
767 3253 919 3307 didicerunt
935 3255 1055 3324 quodque
1079 3254 1112 3308 ab
1135 3253 1198 3306 aliis
1219 3253 1307 3307 adacti
1327 3259 1389 3306 sunt

357 3338 532 3409 confidentius
549 3337 678 3392 nimirum
695 3338 764 3409 ipsis
786 3339 937 3393 auctoribus
956 3339 1146 3409 pronuntiant.
1167 3357 1214 3411 ayo
1236 3339 1389 3394 dubitabam

358 3425 499 3494 Maduiqii
518 3425 619 3478 iudicio
641 3425 819 3495 adstipulari,
844 3425 909 3494 quia
926 3425 1050 3495 primum
1067 3426 1190 3479 narratio
1207 3425 1269 3496 ipsa
1286 3424 1388 3479 indicia

358 3528 412 3564 asso
429 3511 577 3576 uidebatur,
596 3530 650 3565 non
667 3512 704 3564 ad
720 3518 841 3565 sanatum
858 3512 905 3565 sod
921 3512 958 3565 ad
976 3513 1108 3565 consulem
1126 3529 1182 3564 rem
1201 3529 1255 3566 esse
1273 3511 1389 3566 delatam

363 3597 409 3664 (os.
424 3596 453 3648 in
470 3596 560 3650 Vatia.
576 3599 601 3660 5,
617 3599 667 3662 12),
687 3597 783 3651 danae
801 3614 863 3650 eum
880 3597 936 3651 uisi
947 3614 1006 3650 aum
1017 3597 1187 3668 ambifflaitata
1195 3597 1267 3667 pani
1276 3615 1330 3652 nou
1338 3614 1388 3667 pa·

358 3686 440 3746 terat,
461 3680 582 3751 danique,
604 3683 731 3751 quoniam
751 3701 828 3738 namo
847 3684 930 3738 nascit
948 3681 1068 3738 Scaurus
1090 3701 1120 3737 re
1138 3683 1173 3737 ad
1191 3700 1220 3736 se
1239 3681 1330 3736 delata
1347 3699 1389 3736 re·

359 3765 471 3836 spondit
491 3772 558 3820 recta
580 3785 627 3821 nec
644 3768 701 3822 sina
719 3769 836 3838 exemplo
853 3769 937 3822 scribi
949 3769 1087 3839 potuisse,
1107 3788 1161 3823 non
1179 3769 1246 3822 satis
1264 3773 1320 3822 tuto
1339 3769 1389 3822 illa

358 3869 420 3907 cum
436 3868 481 3906 ras
499 3859 572 3906 esset
589 3852 625 3906 ad
643 3871 671 3906 se
690 3851 781 3908 delata
798 3854 837 3909 M.
852 3853 972 3909 Scaurus
990 3853 1087 3909 consul
1105 3854 1176 3909 dixit
1193 3860 1329 3924 uunquam
1345 3873 1390 3909 so-

359 3939 431 3992 loaou
447 3938 528 3992 rciioi
543 3939 683 4010 putabam.
705 3941 749 3993 Da
767 3939 853 3992 simili
871 3958 965 4011 penora
983 3941 1144 4010 Maduiyius
1165 3941 1223 4012 ipse
1238 3941 1389 4010 pmdentsr

357 4025 496 4079 admonuit
517 4027 587 4097 opp.
609 4028 633 4090 1,
655 4027 717 4090 189]
836 4023 927 4079 delata
944 4026 983 4078 M.
1005 4024 1124 4080 Scaurus
1143 4027 1249 4081 Bobius
1268 4025 1389 4080 delatam

359 4127 471 4182 scaurus
484 4130 512 4183 B
530 4115 624 4182 delati
642 4126 755 4182 scaurus
770 4128 841 4197 (fuit
859 4128 958 4194 delati)
978 4132 1006 4182 A
1093 4128 1190 4184 consul
1207 4129 1313 4183 utinam
1330 4128 1389 4182 udi-

357 4213 443 4267 tiauas
460 4213 554 4268 consul
572 4217 675 4285 uinta
688 4215 716 4267 A
733 4212 851 4268 consulu
870 4221 958 4285 saque
971 4217 998 4269 B
1085 4214 1191 4269 utinam
1201 4214 1314 4285 quidam
1327 4215 1389 4270 Mo-
