<?xml version="1.0" encoding="UTF-8"?>
<!DOCTYPE html PUBLIC "-//W3C//DTD XHTML 1.0 Transitional//EN"
    "http://www.w3.org/TR/xhtml1/DTD/xhtml1-transitional.dtd">
<html xmlns="http://www.w3.org/1999/xhtml" xml:lang="en" lang="en">
 <head>
  <title>
</title>
<meta http-equiv="Content-Type" content="text/html;charset=utf-8" />
  <meta name='ocr-system' content='tesseract 3.04.00' />
  <meta name='ocr-capabilities' content='ocr_page ocr_carea ocr_par ocr_line ocrx_word'/>
</head>
<body>
  <div class='ocr_page' id='page_1' title='image "./delegibuslibrie00vahlgoog_0223.png"; bbox 0 0 3252 4964; ppageno 0'>
   <div class='ocr_carea' id='block_1_1' title="bbox 350 394 1024 458">
    <p class='ocr_par' dir='ltr' id='par_1_1' title="bbox 350 394 1024 458">
     <span class='ocr_line' id='line_1_1' title="bbox 350 394 1024 458; baseline 0 -13"><span class='ocrx_word' id='word_1_1' title='bbox 350 398 410 458; x_wconf 82' lang='lat'>192</span> <span class='ocrx_word' id='word_1_2' title='bbox 709 394 804 458; x_wconf 79' lang='grc'><strong>11113,</strong></span> <span class='ocrx_word' id='word_1_3' title='bbox 825 394 855 444; x_wconf 87' lang='lat'>31</span> <span class='ocrx_word' id='word_1_4' title='bbox 875 422 910 431; x_wconf 92' lang='lat'><em>-</em></span> <span class='ocrx_word' id='word_1_5' title='bbox 930 395 970 456; x_wconf 87' lang='lat'>14,</span> <span class='ocrx_word' id='word_1_6' title='bbox 991 394 1024 445; x_wconf 82' lang='lat'>32</span> 
     </span>
    </p>
   </div>
   <div class='ocr_carea' id='block_1_2' title="bbox 309 564 1438 2508">
    <p class='ocr_par' dir='ltr' id='par_1_2' title="bbox 309 564 1438 2508">
     <span class='ocr_line' id='line_1_2' title="bbox 348 564 1383 650; baseline -0.002 -20"><span class='ocrx_word' id='word_1_7' title='bbox 348 567 449 650; x_wconf 84' lang='lat' dir='ltr'>signis</span> <span class='ocrx_word' id='word_1_8' title='bbox 472 577 505 629; x_wconf 91' lang='lat' dir='ltr'>et</span> <span class='ocrx_word' id='word_1_9' title='bbox 526 565 646 629; x_wconf 86' lang='lat' dir='ltr'>tabulis</span> <span class='ocrx_word' id='word_1_10' title='bbox 668 564 810 643; x_wconf 86' lang='lat' dir='ltr'>refertas,</span> <span class='ocrx_word' id='word_1_11' title='bbox 832 565 952 648; x_wconf 90' lang='lat' dir='ltr'>partim</span> <span class='ocrx_word' id='word_1_12' title='bbox 973 565 1123 648; x_wconf 89' lang='lat' dir='ltr'>publicis,</span> <span class='ocrx_word' id='word_1_13' title='bbox 1141 565 1261 648; x_wconf 87' lang='lat' dir='ltr'>partim</span> <span class='ocrx_word' id='word_1_14' title='bbox 1284 565 1383 628; x_wconf 91' lang='lat' dir='ltr'>etiam</span> 
     </span>
     <span class='ocr_line' id='line_1_3' title="bbox 349 667 1380 753; baseline -0.001 -20"><span class='ocrx_word' id='word_1_15' title='bbox 349 670 447 733; x_wconf 87' lang='lat' dir='ltr'>sacris</span> <span class='ocrx_word' id='word_1_16' title='bbox 468 679 501 733; x_wconf 91' lang='lat' dir='ltr'>et</span> <span class='ocrx_word' id='word_1_17' title='bbox 521 668 702 753; x_wconf 62' lang='lat' dir='ltr'>religiosis?</span> <span class='ocrx_word' id='word_1_18' title='bbox 718 668 790 751; x_wconf 89' lang='lat' dir='ltr'>quis</span> <span class='ocrx_word' id='word_1_19' title='bbox 812 690 880 731; x_wconf 92' lang='lat' dir='ltr'>non</span> <span class='ocrx_word' id='word_1_20' title='bbox 902 667 1068 752; x_wconf 81' lang='lat' dir='ltr'>frangeret</span> <span class='ocrx_word' id='word_1_21' title='bbox 1082 689 1196 731; x_wconf 90' lang='lat' dir='ltr'>eorum</span> <span class='ocrx_word' id='word_1_22' title='bbox 1217 667 1380 747; x_wconf 86' lang='lat' dir='ltr'>libidines,</span> 
     </span>
     <span class='ocr_line' id='line_1_4' title="bbox 349 770 1383 856; baseline -0.003 -19"><span class='ocrx_word' id='word_1_23' title='bbox 349 773 413 838; x_wconf 88' lang='lat' dir='ltr'>nisi</span> <span class='ocrx_word' id='word_1_24' title='bbox 434 773 486 836; x_wconf 89' lang='lat' dir='ltr'>illi</span> <span class='ocrx_word' id='word_1_25' title='bbox 507 773 578 855; x_wconf 79' lang='lat' dir='ltr'>ipsi,</span> <span class='ocrx_word' id='word_1_26' title='bbox 596 773 653 855; x_wconf 92' lang='lat' dir='ltr'>qui</span> <span class='ocrx_word' id='word_1_27' title='bbox 669 794 722 836; x_wconf 89' lang='lat' dir='ltr'>eas</span> <span class='ocrx_word' id='word_1_28' title='bbox 743 771 893 856; x_wconf 84' lang='lat' dir='ltr'>frangere</span> <span class='ocrx_word' id='word_1_29' title='bbox 909 772 1073 849; x_wconf 88' lang='lat' dir='ltr'>deberent,</span> <span class='ocrx_word' id='word_1_30' title='bbox 1093 770 1280 854; x_wconf 82' lang='lat' dir='ltr'>cupiditatis</span> <span class='ocrx_word' id='word_1_31' title='bbox 1296 772 1383 834; x_wconf 91' lang='lat' dir='ltr'>eius-</span> 
     </span>
     <span class='ocr_line' id='line_1_5' title="bbox 349 875 1438 958; baseline 0.001 -18"><span class='ocrx_word' id='word_1_32' title='bbox 349 878 423 941; x_wconf 88' lang='lat' dir='ltr'>dem</span> <span class='ocrx_word' id='word_1_33' title='bbox 439 879 644 941; x_wconf 71' lang='lat' dir='ltr'>tenerentur?</span> <span class='ocrx_word' id='word_1_34' title='bbox 658 897 719 939; x_wconf 90' lang='lat' dir='ltr'>nec</span> <span class='ocrx_word' id='word_1_35' title='bbox 735 875 824 938; x_wconf 90' lang='lat' dir='ltr'>enirn</span> <span class='ocrx_word' id='word_1_36' title='bbox 838 885 968 939; x_wconf 86' lang='lat' dir='ltr'>tantum</span> <span class='ocrx_word' id='word_1_37' title='bbox 983 875 1062 938; x_wconf 91' lang='lat' dir='ltr'>mali</span> <span class='ocrx_word' id='word_1_38' title='bbox 1077 885 1125 938; x_wconf 91' lang='lat' dir='ltr'>est</span> <span class='ocrx_word' id='word_1_39' title='bbox 1138 895 1274 958; x_wconf 88' lang='lat' dir='ltr'>peccare</span> <span class='ocrx_word' id='word_1_40' title='bbox 1289 875 1383 958; x_wconf 92' lang='lat' dir='ltr'>prin-</span> <span class='ocrx_word' id='word_1_41' title='bbox 1396 875 1438 941; x_wconf 87' lang='grc'><strong>14</strong></span> 
     </span>
     <span class='ocr_line' id='line_1_6' title="bbox 319 978 1383 1063; baseline 0 -23"><span class='ocrx_word' id='word_1_42' title='bbox 319 1001 333 1040; x_wconf 77' lang='lat' dir='ltr'>s</span> <span class='ocrx_word' id='word_1_43' title='bbox 352 979 451 1063; x_wconf 74' lang='lat' dir='ltr'>cipeS,</span> <span class='ocrx_word' id='word_1_44' title='bbox 473 1000 671 1063; x_wconf 86' lang='lat' dir='ltr'>quamquam</span> <span class='ocrx_word' id='word_1_45' title='bbox 687 989 735 1042; x_wconf 90' lang='lat' dir='ltr'>est</span> <span class='ocrx_word' id='word_1_46' title='bbox 750 1000 907 1062; x_wconf 83' lang='lat' dir='ltr'>magnum</span> <span class='ocrx_word' id='word_1_47' title='bbox 922 978 984 1041; x_wconf 89' lang='lat' dir='ltr'>hoc</span> <span class='ocrx_word' id='word_1_48' title='bbox 1004 999 1063 1062; x_wconf 90' lang='lat' dir='ltr'>per</span> <span class='ocrx_word' id='word_1_49' title='bbox 1077 1000 1111 1040; x_wconf 92' lang='lat' dir='ltr'>se</span> <span class='ocrx_word' id='word_1_50' title='bbox 1125 978 1235 1061; x_wconf 87' lang='lat' dir='ltr'>ipsum</span> <span class='ocrx_word' id='word_1_51' title='bbox 1249 979 1383 1056; x_wconf 89' lang='lat' dir='ltr'>malum,</span> 
     </span>
     <span class='ocr_line' id='line_1_7' title="bbox 351 1080 1386 1165; baseline -0.001 -20"><span class='ocrx_word' id='word_1_52' title='bbox 351 1093 511 1165; x_wconf 89' lang='lat' dir='ltr'>quantum</span> <span class='ocrx_word' id='word_1_53' title='bbox 526 1083 618 1161; x_wconf 86' lang='lat' dir='ltr'>illud,</span> <span class='ocrx_word' id='word_1_54' title='bbox 639 1083 726 1165; x_wconf 90' lang='lat' dir='ltr'>quod</span> <span class='ocrx_word' id='word_1_55' title='bbox 745 1083 902 1164; x_wconf 85' lang='lat' dir='ltr'>permulti</span> <span class='ocrx_word' id='word_1_56' title='bbox 917 1082 1096 1146; x_wconf 88' lang='lat' dir='ltr'>imitatores</span> <span class='ocrx_word' id='word_1_57' title='bbox 1111 1081 1300 1165; x_wconf 84' lang='lat' dir='ltr'>principum</span> <span class='ocrx_word' id='word_1_58' title='bbox 1315 1080 1386 1144; x_wconf 80' lang='lat' dir='ltr'>exi-</span> 
     </span>
     <span class='ocr_line' id='line_1_8' title="bbox 350 1185 1386 1268; baseline -0.002 -18"><span class='ocrx_word' id='word_1_59' title='bbox 350 1197 450 1250; x_wconf 82' lang='lat' dir='ltr'>stunt.</span> <span class='ocrx_word' id='word_1_60' title='bbox 480 1207 557 1249; x_wconf 90' lang='lat' dir='ltr'>nam</span> <span class='ocrx_word' id='word_1_61' title='bbox 584 1187 662 1250; x_wconf 89' lang='lat' dir='ltr'>licet</span> <span class='ocrx_word' id='word_1_62' title='bbox 689 1185 816 1264; x_wconf 89' lang='lat' dir='ltr'>uidere,</span> <span class='ocrx_word' id='word_1_63' title='bbox 845 1186 873 1249; x_wconf 90' lang='lat' dir='ltr'>si</span> <span class='ocrx_word' id='word_1_64' title='bbox 899 1187 981 1249; x_wconf 87' lang='lat' dir='ltr'>uelis</span> <span class='ocrx_word' id='word_1_65' title='bbox 1008 1185 1165 1268; x_wconf 87' lang='lat' dir='ltr'>replicare</span> <span class='ocrx_word' id='word_1_66' title='bbox 1194 1185 1386 1248; x_wconf 88' lang='lat' dir='ltr'>memoriam</span> 
     </span>
     <span class='ocr_line' id='line_1_9' title="bbox 350 1287 1382 1374; baseline -0.001 -21"><span class='ocrx_word' id='word_1_67' title='bbox 350 1300 547 1374; x_wconf 86' lang='lat' dir='ltr'>temporum,</span> <span class='ocrx_word' id='word_1_68' title='bbox 570 1291 824 1373; x_wconf 83' lang='lat' dir='ltr'>qualescumque</span> <span class='ocrx_word' id='word_1_69' title='bbox 846 1289 966 1353; x_wconf 89' lang='lat' dir='ltr'>summi</span> <span class='ocrx_word' id='word_1_70' title='bbox 989 1289 1132 1352; x_wconf 88' lang='lat' dir='ltr'>ciuitatis</span> <span class='ocrx_word' id='word_1_71' title='bbox 1161 1289 1225 1351; x_wconf 92' lang='lat' dir='ltr'>uiri</span> <span class='ocrx_word' id='word_1_72' title='bbox 1250 1287 1382 1367; x_wconf 86' lang='lat' dir='ltr'>fuerint,</span> 
     </span>
     <span class='ocr_line' id='line_1_10' title="bbox 350 1391 1385 1476; baseline -0.001 -20"><span class='ocrx_word' id='word_1_73' title='bbox 350 1394 450 1457; x_wconf 86' lang='lat' dir='ltr'>talem</span> <span class='ocrx_word' id='word_1_74' title='bbox 466 1393 634 1457; x_wconf 85' lang='lat' dir='ltr'>ciuitatem</span> <span class='ocrx_word' id='word_1_75' title='bbox 656 1393 772 1471; x_wconf 87' lang='lat' dir='ltr'>fuisse;</span> <span class='ocrx_word' id='word_1_76' title='bbox 790 1414 1015 1476; x_wconf 88' lang='lat' dir='ltr'>quaecumque</span> <span class='ocrx_word' id='word_1_77' title='bbox 1038 1392 1175 1455; x_wconf 86' lang='lat' dir='ltr'>mutatio</span> <span class='ocrx_word' id='word_1_78' title='bbox 1198 1413 1327 1455; x_wconf 88' lang='lat' dir='ltr'>morum</span> <span class='ocrx_word' id='word_1_79' title='bbox 1348 1391 1385 1455; x_wconf 93' lang='lat' dir='ltr'>in</span> 
     </span>
     <span class='ocr_line' id='line_1_11' title="bbox 309 1495 1434 1580; baseline -0.002 -24"><span class='ocrx_word' id='word_1_80' title='bbox 309 1516 334 1557; x_wconf 84' lang='lat'>10</span> <span class='ocrx_word' id='word_1_81' title='bbox 351 1497 555 1580; x_wconf 89' lang='lat' dir='ltr'>principibus</span> <span class='ocrx_word' id='word_1_82' title='bbox 571 1495 723 1574; x_wconf 85' lang='lat' dir='ltr'>extiterit,</span> <span class='ocrx_word' id='word_1_83' title='bbox 748 1497 886 1559; x_wconf 89' lang='lat' dir='ltr'>eandem</span> <span class='ocrx_word' id='word_1_84' title='bbox 908 1497 944 1559; x_wconf 90' lang='lat' dir='ltr'>in</span> <span class='ocrx_word' id='word_1_85' title='bbox 963 1496 1085 1579; x_wconf 90' lang='lat' dir='ltr'>populo</span> <span class='ocrx_word' id='word_1_86' title='bbox 1107 1505 1262 1558; x_wconf 88' lang='lat' dir='ltr'>secutam.</span> <span class='ocrx_word' id='word_1_87' title='bbox 1286 1495 1434 1578; x_wconf 86' lang='lat' dir='ltr'>idque32</span> 
     </span>
     <span class='ocr_line' id='line_1_12' title="bbox 318 1599 1385 1683; baseline 0 -21"><span class='ocrx_word' id='word_1_88' title='bbox 318 1603 322 1607; x_wconf 81' lang='grc'><strong>’</strong></span> <span class='ocrx_word' id='word_1_89' title='bbox 348 1600 439 1662; x_wconf 90' lang='lat' dir='ltr'>haud</span> <span class='ocrx_word' id='word_1_90' title='bbox 460 1599 559 1683; x_wconf 86' lang='lat' dir='ltr'>paulo</span> <span class='ocrx_word' id='word_1_91' title='bbox 582 1610 630 1663; x_wconf 90' lang='lat' dir='ltr'>est</span> <span class='ocrx_word' id='word_1_92' title='bbox 651 1599 762 1662; x_wconf 89' lang='lat' dir='ltr'>uerius</span> <span class='ocrx_word' id='word_1_93' title='bbox 787 1621 886 1682; x_wconf 93' lang='lat' dir='ltr'>quam</span> <span class='ocrx_word' id='word_1_94' title='bbox 914 1600 1001 1683; x_wconf 90' lang='lat' dir='ltr'>quod</span> <span class='ocrx_word' id='word_1_95' title='bbox 1023 1599 1154 1662; x_wconf 89' lang='lat' dir='ltr'>Platoni</span> <span class='ocrx_word' id='word_1_96' title='bbox 1179 1609 1290 1662; x_wconf 89' lang='lat' dir='ltr'>nostro</span> <span class='ocrx_word' id='word_1_97' title='bbox 1312 1599 1385 1682; x_wconf 89' lang='lat' dir='ltr'>pla-</span> 
     </span>
     <span class='ocr_line' id='line_1_13' title="bbox 350 1701 1384 1786; baseline 0.001 -21"><span class='ocrx_word' id='word_1_98' title='bbox 350 1714 409 1782; x_wconf 88' lang='lat' dir='ltr'>cet,</span> <span class='ocrx_word' id='word_1_99' title='bbox 427 1703 484 1786; x_wconf 93' lang='lat' dir='ltr'>qui</span> <span class='ocrx_word' id='word_1_100' title='bbox 506 1701 706 1766; x_wconf 89' lang='lat' dir='ltr'>musicorum</span> <span class='ocrx_word' id='word_1_101' title='bbox 727 1703 876 1767; x_wconf 85' lang='lat' dir='ltr'>cantibus</span> <span class='ocrx_word' id='word_1_102' title='bbox 899 1703 945 1766; x_wconf 89' lang='lat' dir='ltr'>ait</span> <span class='ocrx_word' id='word_1_103' title='bbox 966 1702 1099 1765; x_wconf 84' lang='lat' dir='ltr'>mutatis</span> <span class='ocrx_word' id='word_1_104' title='bbox 1122 1701 1243 1765; x_wconf 87' lang='lat' dir='ltr'>mutari</span> <span class='ocrx_word' id='word_1_105' title='bbox 1266 1702 1384 1766; x_wconf 89' lang='lat' dir='ltr'>ciuita-</span> 
     </span>
     <span class='ocr_line' id='line_1_14' title="bbox 350 1805 1383 1890; baseline -0.003 -19"><span class='ocrx_word' id='word_1_106' title='bbox 350 1816 422 1871; x_wconf 85' lang='lat' dir='ltr'>tum</span> <span class='ocrx_word' id='word_1_107' title='bbox 444 1815 561 1869; x_wconf 89' lang='lat' dir='ltr'>status.</span> <span class='ocrx_word' id='word_1_108' title='bbox 586 1828 646 1890; x_wconf 86' lang='lat' dir='ltr'>ego</span> <span class='ocrx_word' id='word_1_109' title='bbox 666 1817 776 1869; x_wconf 87' lang='lat' dir='ltr'>autem</span> <span class='ocrx_word' id='word_1_110' title='bbox 797 1806 960 1870; x_wconf 90' lang='lat' dir='ltr'>nobilium</span> <span class='ocrx_word' id='word_1_111' title='bbox 982 1805 1053 1869; x_wconf 88' lang='lat' dir='ltr'>uita</span> <span class='ocrx_word' id='word_1_112' title='bbox 1074 1805 1232 1887; x_wconf 89' lang='lat' dir='ltr'>uictuque</span> <span class='ocrx_word' id='word_1_113' title='bbox 1257 1815 1383 1869; x_wconf 90' lang='lat' dir='ltr'>mutato</span> 
     </span>
     <span class='ocr_line' id='line_1_15' title="bbox 349 1908 1383 1992; baseline 0.002 -22"><span class='ocrx_word' id='word_1_114' title='bbox 349 1930 454 1971; x_wconf 91' lang='lat' dir='ltr'>mores</span> <span class='ocrx_word' id='word_1_115' title='bbox 482 1909 602 1972; x_wconf 88' lang='lat' dir='ltr'>mutari</span> <span class='ocrx_word' id='word_1_116' title='bbox 628 1909 801 1973; x_wconf 88' lang='lat' dir='ltr'>ciuitatum</span> <span class='ocrx_word' id='word_1_117' title='bbox 826 1921 921 1992; x_wconf 88' lang='lat' dir='ltr'>puto;</span> <span class='ocrx_word' id='word_1_118' title='bbox 950 1930 1016 1992; x_wconf 92' lang='lat' dir='ltr'>quo</span> <span class='ocrx_word' id='word_1_119' title='bbox 1040 1908 1255 1992; x_wconf 89' lang='lat' dir='ltr'>perniciosius</span> <span class='ocrx_word' id='word_1_120' title='bbox 1282 1909 1322 1972; x_wconf 91' lang='lat' dir='ltr'>de</span> <span class='ocrx_word' id='word_1_121' title='bbox 1349 1931 1383 1972; x_wconf 86' lang='lat' dir='ltr'>re</span> 
     </span>
     <span class='ocr_line' id='line_1_16' title="bbox 309 2010 1385 2097; baseline 0.002 -27"><span class='ocrx_word' id='word_1_122' title='bbox 309 2030 333 2070; x_wconf 81' lang='lat' dir='ltr'>n</span> <span class='ocrx_word' id='word_1_123' title='bbox 357 2012 490 2096; x_wconf 87' lang='lat' dir='ltr'>publica</span> <span class='ocrx_word' id='word_1_124' title='bbox 508 2022 676 2076; x_wconf 90' lang='lat' dir='ltr'>merentur</span> <span class='ocrx_word' id='word_1_125' title='bbox 696 2013 807 2076; x_wconf 90' lang='lat' dir='ltr'>uitiosi</span> <span class='ocrx_word' id='word_1_126' title='bbox 821 2012 994 2097; x_wconf 81' lang='lat' dir='ltr'>principes,</span> <span class='ocrx_word' id='word_1_127' title='bbox 1017 2013 1104 2094; x_wconf 94' lang='lat' dir='ltr'>quod</span> <span class='ocrx_word' id='word_1_128' title='bbox 1122 2032 1189 2074; x_wconf 89' lang='lat' dir='ltr'>non</span> <span class='ocrx_word' id='word_1_129' title='bbox 1205 2010 1311 2074; x_wconf 87' lang='lat' dir='ltr'>solum</span> <span class='ocrx_word' id='word_1_130' title='bbox 1333 2010 1385 2073; x_wconf 92' lang='lat' dir='ltr'>ui-</span> 
     </span>
     <span class='ocr_line' id='line_1_17' title="bbox 350 2115 1385 2199; baseline -0.003 -20"><span class='ocrx_word' id='word_1_131' title='bbox 350 2116 396 2179; x_wconf 90' lang='lat' dir='ltr'>tia</span> <span class='ocrx_word' id='word_1_132' title='bbox 419 2115 611 2199; x_wconf 87' lang='lat' dir='ltr'>concipiunt</span> <span class='ocrx_word' id='word_1_133' title='bbox 632 2115 703 2199; x_wconf 88' lang='lat' dir='ltr'>ipsi,</span> <span class='ocrx_word' id='word_1_134' title='bbox 729 2118 785 2180; x_wconf 90' lang='lat' dir='ltr'>sed</span> <span class='ocrx_word' id='word_1_135' title='bbox 808 2139 846 2180; x_wconf 91' lang='lat' dir='ltr'>ea</span> <span class='ocrx_word' id='word_1_136' title='bbox 867 2116 1050 2181; x_wconf 87' lang='lat' dir='ltr'>infundunt</span> <span class='ocrx_word' id='word_1_137' title='bbox 1071 2116 1107 2178; x_wconf 89' lang='lat' dir='ltr'>in</span> <span class='ocrx_word' id='word_1_138' title='bbox 1124 2115 1301 2190; x_wconf 89' lang='lat' dir='ltr'>ciuitatem,</span> <span class='ocrx_word' id='word_1_139' title='bbox 1325 2135 1385 2176; x_wconf 89' lang='lat' dir='ltr'>ne-</span> 
     </span>
     <span class='ocr_line' id='line_1_18' title="bbox 352 2215 1385 2304; baseline -0.004 -22"><span class='ocrx_word' id='word_1_140' title='bbox 352 2241 414 2302; x_wconf 90' lang='lat' dir='ltr'>que</span> <span class='ocrx_word' id='word_1_141' title='bbox 437 2220 544 2283; x_wconf 88' lang='lat' dir='ltr'>solum</span> <span class='ocrx_word' id='word_1_142' title='bbox 566 2221 697 2299; x_wconf 88' lang='lat' dir='ltr'>obsunt,</span> <span class='ocrx_word' id='word_1_143' title='bbox 724 2222 810 2303; x_wconf 92' lang='lat' dir='ltr'>quod</span> <span class='ocrx_word' id='word_1_144' title='bbox 835 2220 899 2304; x_wconf 90' lang='lat' dir='ltr'>ipsi</span> <span class='ocrx_word' id='word_1_145' title='bbox 922 2228 1184 2303; x_wconf 86' lang='lat' dir='ltr'>corrumpuntur,</span> <span class='ocrx_word' id='word_1_146' title='bbox 1209 2215 1385 2280; x_wconf 88' lang='lat' dir='ltr'>sedetiam</span> 
     </span>
     <span class='ocr_line' id='line_1_19' title="bbox 352 2323 1384 2407; baseline -0.004 -22"><span class='ocrx_word' id='word_1_147' title='bbox 352 2324 439 2406; x_wconf 89' lang='lat' dir='ltr'>quod</span> <span class='ocrx_word' id='word_1_148' title='bbox 462 2333 676 2406; x_wconf 88' lang='lat' dir='ltr'>corrumpunt</span> <span class='ocrx_word' id='word_1_149' title='bbox 702 2323 842 2407; x_wconf 89' lang='lat' dir='ltr'>plusque</span> <span class='ocrx_word' id='word_1_150' title='bbox 864 2323 1013 2407; x_wconf 85' lang='lat' dir='ltr'>exemplo</span> <span class='ocrx_word' id='word_1_151' title='bbox 1038 2343 1137 2406; x_wconf 91' lang='lat' dir='ltr'>quam</span> <span class='ocrx_word' id='word_1_152' title='bbox 1160 2329 1294 2405; x_wconf 88' lang='lat' dir='ltr'>peccato</span> <span class='ocrx_word' id='word_1_153' title='bbox 1323 2341 1384 2382; x_wconf 92' lang='lat' dir='ltr'>no-</span> 
     </span>
     <span class='ocr_line' id='line_1_20' title="bbox 351 2426 1384 2508; baseline -0.005 -18"><span class='ocrx_word' id='word_1_154' title='bbox 351 2438 437 2491; x_wconf 86' lang='lat' dir='ltr'>cent.</span> <span class='ocrx_word' id='word_1_155' title='bbox 452 2437 550 2508; x_wconf 89' lang='lat' dir='ltr'>atque</span> <span class='ocrx_word' id='word_1_156' title='bbox 563 2426 645 2489; x_wconf 88' lang='lat' dir='ltr'>haee</span> <span class='ocrx_word' id='word_1_157' title='bbox 659 2426 722 2504; x_wconf 85' lang='lat' dir='ltr'>lex,</span> <span class='ocrx_word' id='word_1_158' title='bbox 737 2427 872 2491; x_wconf 86' lang='lat' dir='ltr'>dilatata</span> <span class='ocrx_word' id='word_1_159' title='bbox 886 2426 922 2489; x_wconf 90' lang='lat' dir='ltr'>in</span> <span class='ocrx_word' id='word_1_160' title='bbox 934 2426 1082 2491; x_wconf 86' lang='lat' dir='ltr'>ordinem</span> <span class='ocrx_word' id='word_1_161' title='bbox 1100 2434 1266 2502; x_wconf 89' lang='lat' dir='ltr'>cunctum,</span> <span class='ocrx_word' id='word_1_162' title='bbox 1285 2444 1384 2486; x_wconf 86' lang='lat' dir='ltr'>coan-</span> 
     </span>
    </p>
   </div>
   <div class='ocr_carea' id='block_1_3' title="bbox 350 2528 1387 4176">
    <p class='ocr_par' dir='ltr' id='par_1_3' title="bbox 351 2528 1387 3232">
     <span class='ocr_line' id='line_1_21' title="bbox 354 2528 1384 2632; baseline -0.003 -16"><span class='ocrx_word' id='word_1_163' title='bbox 354 2566 365 2616; x_wconf 92' lang='lat'>1</span> <span class='ocrx_word' id='word_1_164' title='bbox 387 2562 503 2617; x_wconf 85' lang='lat' dir='ltr'>refertas</span> <span class='ocrx_word' id='word_1_165' title='bbox 521 2563 650 2616; x_wconf 77' lang='lat' dir='ltr'>editiones</span> <span class='ocrx_word' id='word_1_166' title='bbox 668 2560 793 2632; x_wconf 81' lang='lat' dir='ltr'>repertas</span> <span class='ocrx_word' id='word_1_167' title='bbox 808 2565 864 2618; x_wconf 82' lang='lat' dir='ltr'>AB</span> <span class='ocrx_word' id='word_1_168' title='bbox 990 2565 1006 2615; x_wconf 82' lang='lat'><strong>2</strong></span> <span class='ocrx_word' id='word_1_169' title='bbox 1025 2560 1088 2631; x_wconf 73' lang='lat' dir='ltr'>quis</span> <span class='ocrx_word' id='word_1_170' title='bbox 1102 2563 1121 2613; x_wconf 81' lang='lat' dir='ltr'>ri</span> <span class='ocrx_word' id='word_1_171' title='bbox 1137 2528 1323 2630; x_wconf 54' lang='lat' dir='ltr'>frangerffr&#39;n</span> <span class='ocrx_word' id='word_1_172' title='bbox 1340 2577 1384 2613; x_wconf 86' lang='lat' dir='ltr'>rn-</span> 
     </span>
     <span class='ocr_line' id='line_1_22' title="bbox 351 2643 1384 2717; baseline -0.004 -15"><span class='ocrx_word' id='word_1_173' title='bbox 351 2666 417 2702; x_wconf 78' lang='lat' dir='ltr'>suru</span> <span class='ocrx_word' id='word_1_174' title='bbox 435 2650 464 2701; x_wconf 75' lang='lat' dir='ltr'><em>A</em></span> <span class='ocrx_word' id='word_1_175' title='bbox 566 2664 683 2701; x_wconf 69' lang='lat' dir='ltr'>eeorum</span> <span class='ocrx_word' id='word_1_176' title='bbox 699 2646 827 2702; x_wconf 83' lang='lat' dir='ltr'>hbrdrms</span> <span class='ocrx_word' id='word_1_177' title='bbox 840 2652 908 2713; x_wconf 81' lang='lat' dir='ltr'>(corr</span> <span class='ocrx_word' id='word_1_178' title='bbox 926 2646 962 2714; x_wconf 80' lang='lat' dir='ltr'>es)</span> <span class='ocrx_word' id='word_1_179' title='bbox 981 2647 1033 2702; x_wconf 83' lang='lat' dir='ltr'>n1s1</span> <span class='ocrx_word' id='word_1_180' title='bbox 1050 2646 1092 2700; x_wconf 80' lang='lat' dir='ltr'>rllr</span> <span class='ocrx_word' id='word_1_181' title='bbox 1109 2643 1162 2717; x_wconf 82' lang='lat' dir='ltr'>1pf1</span> <span class='ocrx_word' id='word_1_182' title='bbox 1180 2663 1228 2715; x_wconf 79' lang='lat' dir='ltr'>qur</span> <span class='ocrx_word' id='word_1_183' title='bbox 1247 2644 1294 2699; x_wconf 83' lang='lat' dir='ltr'>ess</span> <span class='ocrx_word' id='word_1_184' title='bbox 1308 2645 1384 2698; x_wconf 85' lang='lat' dir='ltr'>fran-</span> 
     </span>
     <span class='ocr_line' id='line_1_23' title="bbox 353 2732 1383 2806; baseline -0.004 -20"><span class='ocrx_word' id='word_1_185' title='bbox 353 2749 417 2802; x_wconf 86' lang='lat' dir='ltr'>gere</span> <span class='ocrx_word' id='word_1_186' title='bbox 434 2732 463 2785; x_wconf 87' lang='lat' dir='ltr'>u&#39;n</span> <span class='ocrx_word' id='word_1_187' title='bbox 481 2737 554 2785; x_wconf 70' lang='lat' dir='ltr'>textu</span> <span class='ocrx_word' id='word_1_188' title='bbox 571 2733 669 2786; x_wconf 79' lang='lat' dir='ltr'>omissa</span> <span class='ocrx_word' id='word_1_189' title='bbox 687 2733 716 2785; x_wconf 74' lang='lat' dir='ltr'>in</span> <span class='ocrx_word' id='word_1_190' title='bbox 734 2733 786 2786; x_wconf 80' lang='lat' dir='ltr'>imo</span> <span class='ocrx_word' id='word_1_191' title='bbox 806 2735 928 2806; x_wconf 73' lang='lat' dir='ltr'>murqine</span> <span class='ocrx_word' id='word_1_192' title='bbox 948 2751 1044 2787; x_wconf 77' lang='lat' dir='ltr'>maurus</span> <span class='ocrx_word' id='word_1_193' title='bbox 1065 2733 1176 2802; x_wconf 77' lang='lat' dir='ltr'>antiqua</span> <span class='ocrx_word' id='word_1_194' title='bbox 1200 2733 1293 2784; x_wconf 83' lang='lat' dir='ltr'>eudem</span> <span class='ocrx_word' id='word_1_195' title='bbox 1315 2749 1383 2800; x_wconf 81' lang='lat' dir='ltr'>quae</span> 
     </span>
     <span class='ocr_line' id='line_1_24' title="bbox 352 2815 1387 2888; baseline 0 -18"><span class='ocrx_word' id='word_1_196' title='bbox 352 2819 403 2872; x_wconf 79' lang='lat' dir='ltr'>ula</span> <span class='ocrx_word' id='word_1_197' title='bbox 420 2817 450 2871; x_wconf 83' lang='lat' dir='ltr'>in</span> <span class='ocrx_word' id='word_1_198' title='bbox 468 2820 523 2872; x_wconf 84' lang='lat' dir='ltr'>loco</span> <span class='ocrx_word' id='word_1_199' title='bbox 541 2836 603 2871; x_wconf 83' lang='lat' dir='ltr'>ruso</span> <span class='ocrx_word' id='word_1_200' title='bbox 620 2817 730 2888; x_wconf 71' lang='lat' dir='ltr'>serspsit</span> <span class='ocrx_word' id='word_1_201' title='bbox 747 2818 777 2870; x_wconf 75' lang='lat' dir='ltr'>in</span> <span class='ocrx_word' id='word_1_202' title='bbox 794 2821 823 2872; x_wconf 85' lang='grc' dir='ltr'><em>Α</em></span> <span class='ocrx_word' id='word_1_203' title='bbox 843 2836 890 2874; x_wconf 91' lang='lat' dir='ltr'>eor</span> <span class='ocrx_word' id='word_1_204' title='bbox 906 2817 1032 2873; x_wconf 81' lang='lat' dir='ltr'>hbrdrms</span> <span class='ocrx_word' id='word_1_205' title='bbox 1050 2820 1077 2872; x_wconf 98' lang='grc' dir='ltr'><em>Β</em></span> <span class='ocrx_word' id='word_1_206' title='bbox 1186 2817 1201 2867; x_wconf 91' lang='lat'><strong>3</strong></span> <span class='ocrx_word' id='word_1_207' title='bbox 1221 2815 1387 2886; x_wconf 82' lang='lat' dir='ltr'>cuprdrrsul</span> 
     </span>
     <span class='ocr_line' id='line_1_25' title="bbox 352 2901 1381 2976; baseline -0.002 -20"><span class='ocrx_word' id='word_1_208' title='bbox 352 2901 445 2956; x_wconf 69' lang='lat' dir='ltr'>eiusde</span> <span class='ocrx_word' id='word_1_209' title='bbox 463 2905 492 2956; x_wconf 98' lang='grc' dir='ltr'><em>Β</em></span> <span class='ocrx_word' id='word_1_210' title='bbox 509 2901 690 2974; x_wconf 73' lang='lat' dir='ltr'>cupnrdrraul</span> <span class='ocrx_word' id='word_1_211' title='bbox 706 2902 827 2957; x_wconf 81' lang='lat' dir='ltr'>eruldem</span> <span class='ocrx_word' id='word_1_212' title='bbox 844 2909 871 2956; x_wconf 83' lang='grc' dir='ltr'><em>Α</em></span> <span class='ocrx_word' id='word_1_213' title='bbox 891 2903 1090 2976; x_wconf 85' lang='lat' dir='ltr'>cupiditatibus</span> <span class='ocrx_word' id='word_1_214' title='bbox 1109 2901 1212 2957; x_wconf 89' lang='lat' dir='ltr'>eisdem</span> <span class='ocrx_word' id='word_1_215' title='bbox 1230 2902 1381 2965; x_wconf 75' lang='lat' dir='ltr'>deteriores,</span> 
     </span>
     <span class='ocr_line' id='line_1_26' title="bbox 352 2987 1385 3061; baseline -0.004 -19"><span class='ocrx_word' id='word_1_216' title='bbox 352 2989 509 3053; x_wconf 79' lang='lat' dir='ltr'>Lambinus,</span> <span class='ocrx_word' id='word_1_217' title='bbox 530 3007 604 3059; x_wconf 84' lang='lat' dir='ltr'>quem</span> <span class='ocrx_word' id='word_1_218' title='bbox 617 2990 747 3044; x_wconf 75' lang='lat' dir='ltr'>Halmius</span> <span class='ocrx_word' id='word_1_219' title='bbox 765 2996 789 3044; x_wconf 85' lang='lat' dir='ltr'>et</span> <span class='ocrx_word' id='word_1_220' title='bbox 807 2991 937 3044; x_wconf 81' lang='lat' dir='ltr'>Baiterus</span> <span class='ocrx_word' id='word_1_221' title='bbox 954 2995 1108 3061; x_wconf 81' lang='lat' dir='ltr'>sequuntur,</span> <span class='ocrx_word' id='word_1_222' title='bbox 1128 2989 1174 3043; x_wconf 82' lang='lat' dir='ltr'>sed</span> <span class='ocrx_word' id='word_1_223' title='bbox 1192 2991 1286 3058; x_wconf 77' lang='lat' dir='ltr'>confer</span> <span class='ocrx_word' id='word_1_224' title='bbox 1301 2987 1385 3049; x_wconf 75' lang='lat' dir='ltr'>Quin-</span> 
     </span>
     <span class='ocr_line' id='line_1_27' title="bbox 352 3071 1383 3148; baseline -0.002 -21"><span class='ocrx_word' id='word_1_225' title='bbox 352 3075 479 3129; x_wconf 77' lang='lat' dir='ltr'>tilianum</span> <span class='ocrx_word' id='word_1_226' title='bbox 498 3076 567 3129; x_wconf 85' lang='lat' dir='ltr'>Inst.</span> <span class='ocrx_word' id='word_1_227' title='bbox 587 3094 626 3129; x_wconf 89' lang='lat' dir='ltr'>or.</span> <span class='ocrx_word' id='word_1_228' title='bbox 645 3077 771 3141; x_wconf 83' lang='lat'>5,14,11</span> <span class='ocrx_word' id='word_1_229' title='bbox 791 3093 847 3129; x_wconf 92' lang='lat' dir='ltr'>non</span> <span class='ocrx_word' id='word_1_230' title='bbox 865 3077 988 3148; x_wconf 86' lang='lat' dir='ltr'>quisquis</span> <span class='ocrx_word' id='word_1_231' title='bbox 1006 3075 1143 3130; x_wconf 89' lang='lat' dir='ltr'>hominem</span> <span class='ocrx_word' id='word_1_232' title='bbox 1161 3072 1271 3138; x_wconf 85' lang='lat' dir='ltr'>occidit,</span> <span class='ocrx_word' id='word_1_233' title='bbox 1292 3071 1383 3127; x_wconf 87' lang='lat' dir='ltr'>caedis</span> 
     </span>
     <span class='ocr_line' id='line_1_28' title="bbox 351 3159 1384 3232; baseline -0.004 -18"><span class='ocrx_word' id='word_1_234' title='bbox 351 3167 469 3215; x_wconf 87' lang='lat' dir='ltr'>tenetur.</span> <span class='ocrx_word' id='word_1_235' title='bbox 558 3164 573 3212; x_wconf 86' lang='lat'>5</span> <span class='ocrx_word' id='word_1_236' title='bbox 592 3179 756 3232; x_wconf 88' lang='lat' dir='ltr'>quamquam</span> <span class='ocrx_word' id='word_1_237' title='bbox 773 3169 816 3216; x_wconf 87' lang='lat' dir='ltr'>est</span> <span class='ocrx_word' id='word_1_238' title='bbox 832 3163 961 3217; x_wconf 71' lang='lat' dir='ltr'>editiones</span> <span class='ocrx_word' id='word_1_239' title='bbox 973 3179 1108 3232; x_wconf 87' lang='lat' dir='ltr'>quamque</span> <span class='ocrx_word' id='word_1_240' title='bbox 1127 3159 1168 3214; x_wconf 82' lang='lat' dir='ltr'>est</span> <span class='ocrx_word' id='word_1_241' title='bbox 1180 3162 1208 3213; x_wconf 78' lang='lat' dir='ltr'><em>A</em></span> <span class='ocrx_word' id='word_1_242' title='bbox 1226 3160 1344 3228; x_wconf 64' lang='lat' dir='ltr'>quilque</span> <span class='ocrx_word' id='word_1_243' title='bbox 1355 3159 1384 3211; x_wconf 95' lang='grc' dir='ltr'><em>Β</em></span> 
     </span>
    </p>

    <p class='ocr_par' dir='ltr' id='par_1_4' title="bbox 350 3245 1385 4176">
     <span class='ocr_line' id='line_1_29' title="bbox 455 3245 1384 3320; baseline -0.003 -20"><span class='ocrx_word' id='word_1_244' title='bbox 455 3250 471 3300; x_wconf 86' lang='grc'><strong>6</strong></span> <span class='ocrx_word' id='word_1_245' title='bbox 487 3245 596 3319; x_wconf 79' lang='lat' dir='ltr'>pmulte</span> <span class='ocrx_word' id='word_1_246' title='bbox 613 3245 770 3302; x_wconf 75' lang='lat' dir='ltr'>imitarores</span> <span class='ocrx_word' id='word_1_247' title='bbox 786 3249 814 3301; x_wconf 95' lang='grc' dir='ltr'><em>Β</em></span> <span class='ocrx_word' id='word_1_248' title='bbox 832 3248 935 3320; x_wconf 81' lang='lat' dir='ltr'>pmulu</span> <span class='ocrx_word' id='word_1_249' title='bbox 953 3245 1119 3315; x_wconf 75' lang='lat' dir='ltr'>rmrralrorel</span> <span class='ocrx_word' id='word_1_250' title='bbox 1133 3247 1180 3299; x_wconf 82' lang='lat' dir='ltr'>sed</span> <span class='ocrx_word' id='word_1_251' title='bbox 1197 3262 1277 3298; x_wconf 75' lang='lat' dir='ltr'>mura</span> <span class='ocrx_word' id='word_1_252' title='bbox 1293 3245 1323 3298; x_wconf 80' lang='lat' dir='ltr'>u&#39;n</span> <span class='ocrx_word' id='word_1_253' title='bbox 1340 3262 1384 3298; x_wconf 85' lang='lat' dir='ltr'>ru·</span> 
     </span>
     <span class='ocr_line' id='line_1_30' title="bbox 351 3331 1384 3401; baseline -0.001 -17"><span class='ocrx_word' id='word_1_254' title='bbox 351 3349 417 3384; x_wconf 84' lang='lat' dir='ltr'>suro</span> <span class='ocrx_word' id='word_1_255' title='bbox 435 3334 462 3385; x_wconf 88' lang='grc' dir='ltr'><em>Α</em></span> <span class='ocrx_word' id='word_1_256' title='bbox 570 3337 585 3386; x_wconf 82' lang='lat'><strong>7</strong></span> <span class='ocrx_word' id='word_1_257' title='bbox 603 3331 708 3401; x_wconf 79' lang='lat' dir='ltr'>smelhl&#39;</span> <span class='ocrx_word' id='word_1_258' title='bbox 723 3336 751 3388; x_wconf 92' lang='lat' dir='ltr'><em>B</em></span> <span class='ocrx_word' id='word_1_259' title='bbox 851 3336 881 3387; x_wconf 86' lang='lat'>10</span> <span class='ocrx_word' id='word_1_260' title='bbox 901 3351 1048 3388; x_wconf 63' lang='lat' dir='ltr'>exsurenr</span> <span class='ocrx_word' id='word_1_261' title='bbox 1066 3332 1088 3398; x_wconf 85' lang='grc'><strong>(1</strong></span> <span class='ocrx_word' id='word_1_262' title='bbox 1103 3335 1188 3398; x_wconf 74' lang='lat' dir='ltr'>uasa)</span> <span class='ocrx_word' id='word_1_263' title='bbox 1207 3332 1236 3383; x_wconf 71' lang='lat' dir='ltr'><em>A</em></span> <span class='ocrx_word' id='word_1_264' title='bbox 1343 3346 1384 3384; x_wconf 86' lang='lat' dir='ltr'>se·</span> 
     </span>
     <span class='ocr_line' id='line_1_31' title="bbox 351 3415 1383 3488; baseline -0.001 -19"><span class='ocrx_word' id='word_1_265' title='bbox 351 3423 443 3470; x_wconf 83' lang='lat' dir='ltr'>cutam</span> <span class='ocrx_word' id='word_1_266' title='bbox 453 3420 489 3474; x_wconf 85' lang='grc' dir='ltr'>Β.</span> <span class='ocrx_word' id='word_1_267' title='bbox 506 3419 656 3488; x_wconf 72' lang='lat' dir='ltr'>Stephanae</span> <span class='ocrx_word' id='word_1_268' title='bbox 674 3417 830 3474; x_wconf 75' lang='lat' dir='ltr'>secuturam</span> <span class='ocrx_word' id='word_1_269' title='bbox 841 3422 869 3471; x_wconf 84' lang='lat' dir='ltr'><em>A</em></span> <span class='ocrx_word' id='word_1_270' title='bbox 881 3417 976 3473; x_wconf 72' lang='lat' dir='ltr'>secura</span> <span class='ocrx_word' id='word_1_271' title='bbox 985 3421 1013 3473; x_wconf 91' lang='lat' dir='ltr'><em>B</em></span> <span class='ocrx_word' id='word_1_272' title='bbox 1101 3420 1130 3469; x_wconf 91' lang='lat'>11</span> <span class='ocrx_word' id='word_1_273' title='bbox 1145 3416 1220 3471; x_wconf 85' lang='lat' dir='ltr'>haud</span> <span class='ocrx_word' id='word_1_274' title='bbox 1232 3415 1315 3487; x_wconf 90' lang='lat' dir='ltr'>paulo</span> <span class='ocrx_word' id='word_1_275' title='bbox 1328 3415 1383 3469; x_wconf 71' lang='lat' dir='ltr'>eui-</span> 
     </span>
     <span class='ocr_line' id='line_1_32' title="bbox 353 3501 1381 3574; baseline 0.001 -20"><span class='ocrx_word' id='word_1_276' title='bbox 353 3503 438 3556; x_wconf 75' lang='lat' dir='ltr'>tiones</span> <span class='ocrx_word' id='word_1_277' title='bbox 456 3521 508 3556; x_wconf 81' lang='lat' dir='ltr'>sur</span> <span class='ocrx_word' id='word_1_278' title='bbox 524 3503 607 3574; x_wconf 81' lang='lat' dir='ltr'>paulo</span> <span class='ocrx_word' id='word_1_279' title='bbox 620 3507 675 3560; x_wconf 88' lang='grc' dir='ltr'>ΑΒ</span> <span class='ocrx_word' id='word_1_280' title='bbox 777 3503 874 3559; x_wconf 81' lang='lat' dir='ltr'>nulrro</span> <span class='ocrx_word' id='word_1_281' title='bbox 893 3523 953 3559; x_wconf 75' lang='lat' dir='ltr'>corr</span> <span class='ocrx_word' id='word_1_282' title='bbox 969 3524 1006 3559; x_wconf 91' lang='lat' dir='ltr'>no</span> <span class='ocrx_word' id='word_1_283' title='bbox 1018 3506 1046 3557; x_wconf 79' lang='lat' dir='ltr'><em>A</em></span> <span class='ocrx_word' id='word_1_284' title='bbox 1148 3501 1259 3556; x_wconf 82' lang='lat' dir='ltr'>Platoni</span> <span class='ocrx_word' id='word_1_285' title='bbox 1276 3507 1381 3565; x_wconf 81' lang='lat' dir='ltr'>nostro,</span> 
     </span>
     <span class='ocr_line' id='line_1_33' title="bbox 352 3587 1384 3661; baseline 0.001 -22"><span class='ocrx_word' id='word_1_286' title='bbox 352 3587 397 3639; x_wconf 77' lang='lat' dir='ltr'>eui</span> <span class='ocrx_word' id='word_1_287' title='bbox 413 3588 512 3642; x_wconf 79' lang='lat' dir='ltr'>scilieet</span> <span class='ocrx_word' id='word_1_288' title='bbox 529 3590 599 3643; x_wconf 77' lang='lat' dir='ltr'>illud</span> <span class='ocrx_word' id='word_1_289' title='bbox 616 3609 715 3661; x_wconf 83' lang='lat' dir='ltr'>quoque</span> <span class='ocrx_word' id='word_1_290' title='bbox 729 3592 843 3661; x_wconf 79' lang='lat' dir='ltr'>placuit,</span> <span class='ocrx_word' id='word_1_291' title='bbox 864 3593 894 3645; x_wconf 76' lang='lat' dir='ltr'>iu</span> <span class='ocrx_word' id='word_1_292' title='bbox 911 3593 982 3661; x_wconf 83' lang='lat' dir='ltr'>quod</span> <span class='ocrx_word' id='word_1_293' title='bbox 997 3609 1069 3644; x_wconf 85' lang='lat' dir='ltr'>nunc</span> <span class='ocrx_word' id='word_1_294' title='bbox 1085 3590 1207 3644; x_wconf 75' lang='lat' dir='ltr'>obliuisci</span> <span class='ocrx_word' id='word_1_295' title='bbox 1220 3588 1329 3641; x_wconf 81' lang='lat' dir='ltr'>uidetur</span> <span class='ocrx_word' id='word_1_296' title='bbox 1341 3587 1384 3642; x_wconf 72' lang='lat'>02·-</span> 
     </span>
     <span class='ocr_line' id='line_1_34' title="bbox 352 3672 1383 3745; baseline 0 -21"><span class='ocrx_word' id='word_1_297' title='bbox 352 3690 422 3738; x_wconf 86' lang='lat' dir='ltr'>cero,</span> <span class='ocrx_word' id='word_1_298' title='bbox 442 3676 488 3727; x_wconf 82' lang='lat' dir='ltr'>sud</span> <span class='ocrx_word' id='word_1_299' title='bbox 505 3675 597 3728; x_wconf 72' lang='lat' dir='ltr'>scribit</span> <span class='ocrx_word' id='word_1_300' title='bbox 614 3677 672 3745; x_wconf 81' lang='lat' dir='ltr'>ipse</span> <span class='ocrx_word' id='word_1_301' title='bbox 689 3678 725 3730; x_wconf 83' lang='lat' dir='ltr'>ad</span> <span class='ocrx_word' id='word_1_302' title='bbox 733 3676 807 3743; x_wconf 82' lang='lat' dir='ltr'>sam.</span> <span class='ocrx_word' id='word_1_303' title='bbox 825 3679 887 3742; x_wconf 83' lang='lat'>1,9‚</span> <span class='ocrx_word' id='word_1_304' title='bbox 904 3679 935 3730; x_wconf 82' lang='grc'><strong>12</strong></span> <span class='ocrx_word' id='word_1_305' title='bbox 953 3676 1020 3730; x_wconf 85' lang='lat' dir='ltr'>haec</span> <span class='ocrx_word' id='word_1_306' title='bbox 1038 3673 1281 3729; x_wconf 81' lang='lat' dir='ltr'>animaduertenda</span> <span class='ocrx_word' id='word_1_307' title='bbox 1299 3672 1329 3726; x_wconf 90' lang='lat' dir='ltr'>in</span> <span class='ocrx_word' id='word_1_308' title='bbox 1347 3672 1383 3727; x_wconf 86' lang='lat' dir='ltr'>ci·</span> 
     </span>
     <span class='ocr_line' id='line_1_35' title="bbox 351 3757 1385 3833; baseline 0.001 -22"><span class='ocrx_word' id='word_1_309' title='bbox 351 3757 447 3823; x_wconf 76' lang='lat' dir='ltr'>nitate,</span> <span class='ocrx_word' id='word_1_310' title='bbox 462 3776 532 3829; x_wconf 83' lang='lat' dir='ltr'>quse</span> <span class='ocrx_word' id='word_1_311' title='bbox 544 3766 609 3814; x_wconf 88' lang='lat' dir='ltr'>sunt</span> <span class='ocrx_word' id='word_1_312' title='bbox 621 3761 695 3831; x_wconf 90' lang='lat' dir='ltr'>apud</span> <span class='ocrx_word' id='word_1_313' title='bbox 706 3760 849 3816; x_wconf 82' lang='lat' dir='ltr'>Platonem</span> <span class='ocrx_word' id='word_1_314' title='bbox 860 3769 985 3816; x_wconf 90' lang='lat' dir='ltr'>nostrum</span> <span class='ocrx_word' id='word_1_315' title='bbox 1000 3763 1041 3829; x_wconf 83' lang='lat' dir='ltr'>[de</span> <span class='ocrx_word' id='word_1_316' title='bbox 1052 3763 1121 3833; x_wconf 74' lang='lat' dir='ltr'>leyy.</span> <span class='ocrx_word' id='word_1_317' title='bbox 1134 3764 1159 3826; x_wconf 82' lang='lat'>4,</span> <span class='ocrx_word' id='word_1_318' title='bbox 1176 3761 1223 3813; x_wconf 81' lang='lat'>711</span> <span class='ocrx_word' id='word_1_319' title='bbox 1239 3760 1264 3825; x_wconf 83' lang='lat' dir='ltr'>b]</span> <span class='ocrx_word' id='word_1_320' title='bbox 1283 3758 1385 3829; x_wconf 81' lang='lat' dir='ltr'>scripta</span> 
     </span>
     <span class='ocr_line' id='line_1_36' title="bbox 353 3843 1385 3919; baseline 0 -21"><span class='ocrx_word' id='word_1_321' title='bbox 353 3843 496 3911; x_wconf 88' lang='lat' dir='ltr'>diuinitus,</span> <span class='ocrx_word' id='word_1_322' title='bbox 517 3844 613 3915; x_wconf 84' lang='lat' dir='ltr'>quales</span> <span class='ocrx_word' id='word_1_323' title='bbox 631 3847 660 3898; x_wconf 92' lang='lat' dir='ltr'>in</span> <span class='ocrx_word' id='word_1_324' title='bbox 678 3845 834 3917; x_wconf 81' lang='lat' dir='ltr'>republica</span> <span class='ocrx_word' id='word_1_325' title='bbox 851 3847 989 3919; x_wconf 85' lang='lat' dir='ltr'>principes</span> <span class='ocrx_word' id='word_1_326' title='bbox 1008 3855 1108 3913; x_wconf 85' lang='lat' dir='ltr'>essent,</span> <span class='ocrx_word' id='word_1_327' title='bbox 1126 3845 1197 3902; x_wconf 81' lang='lat' dir='ltr'>tales</span> <span class='ocrx_word' id='word_1_328' title='bbox 1208 3843 1330 3915; x_wconf 85' lang='lat' dir='ltr'>reliquos</span> <span class='ocrx_word' id='word_1_329' title='bbox 1343 3863 1385 3898; x_wconf 92' lang='lat' dir='ltr'>so·</span> 
     </span>
     <span class='ocr_line' id='line_1_37' title="bbox 350 3929 1383 4004; baseline 0 -20"><span class='ocrx_word' id='word_1_330' title='bbox 350 3929 409 3985; x_wconf 86' lang='lat' dir='ltr'>lere</span> <span class='ocrx_word' id='word_1_331' title='bbox 427 3948 486 3985; x_wconf 87' lang='lat' dir='ltr'>esse</span> <span class='ocrx_word' id='word_1_332' title='bbox 499 3931 588 3996; x_wconf 87' lang='lat' dir='ltr'>ciues;</span> <span class='ocrx_word' id='word_1_333' title='bbox 611 3933 703 4002; x_wconf 81' lang='lat' dir='ltr'>[nequo</span> <span class='ocrx_word' id='word_1_334' title='bbox 717 3933 856 4002; x_wconf 80' lang='lat' dir='ltr'>quicquum</span> <span class='ocrx_word' id='word_1_335' title='bbox 868 3934 897 3987; x_wconf 76' lang='lat' dir='ltr'>in</span> <span class='ocrx_word' id='word_1_336' title='bbox 908 3934 951 3986; x_wconf 75' lang='lat' dir='ltr'>lis</span> <span class='ocrx_word' id='word_1_337' title='bbox 962 3933 1077 3987; x_wconf 77' lang='lat' dir='ltr'>monebit</span> <span class='ocrx_word' id='word_1_338' title='bbox 1094 3932 1143 4004; x_wconf 76' lang='lat' dir='ltr'>qui</span> <span class='ocrx_word' id='word_1_339' title='bbox 1156 3932 1293 3986; x_wconf 67' lang='lat' dir='ltr'>Cicerones</span> <span class='ocrx_word' id='word_1_340' title='bbox 1305 3949 1383 4002; x_wconf 84' lang='lat' dir='ltr'>quam</span> 
     </span>
     <span class='ocr_line' id='line_1_38' title="bbox 351 4017 1383 4090; baseline -0.001 -20"><span class='ocrx_word' id='word_1_341' title='bbox 351 4018 530 4071; x_wconf 76' lang='lat' dir='ltr'>numerabilis</span> <span class='ocrx_word' id='word_1_342' title='bbox 539 4036 735 4088; x_wconf 80' lang='lat' dir='ltr'>nonnumquam</span> <span class='ocrx_word' id='word_1_343' title='bbox 745 4017 843 4071; x_wconf 78' lang='lat' dir='ltr'>obliuio</span> <span class='ocrx_word' id='word_1_344' title='bbox 846 4020 938 4088; x_wconf 63' lang='lat' dir='ltr'>feurit</span> <span class='ocrx_word' id='word_1_345' title='bbox 947 4019 1142 4073; x_wconf 77' lang='lat' dir='ltr'>reminiscetur:</span> <span class='ocrx_word' id='word_1_346' title='bbox 1153 4023 1256 4090; x_wconf 78' lang='lat' dir='ltr'>confer,</span> <span class='ocrx_word' id='word_1_347' title='bbox 1263 4023 1293 4072; x_wconf 83' lang='lat' dir='ltr'>ut</span> <span class='ocrx_word' id='word_1_348' title='bbox 1301 4035 1383 4071; x_wconf 87' lang='lat' dir='ltr'>unum</span> 
     </span>
     <span class='ocr_line' id='line_1_39' title="bbox 351 4105 1383 4176; baseline 0.003 -22"><span class='ocrx_word' id='word_1_349' title='bbox 351 4105 471 4174; x_wconf 74' lang='lat' dir='ltr'>afferant,</span> <span class='ocrx_word' id='word_1_350' title='bbox 490 4105 721 4170; x_wconf 68' lang='lat' dir='ltr'>Tusc.3,17,36]</span> <span class='ocrx_word' id='word_1_351' title='bbox 846 4106 876 4156; x_wconf 88' lang='grc'>13</span> <span class='ocrx_word' id='word_1_352' title='bbox 894 4121 973 4158; x_wconf 74' lang='lat' dir='ltr'>uictu</span> <span class='ocrx_word' id='word_1_353' title='bbox 991 4122 1062 4175; x_wconf 86' lang='lat' dir='ltr'>quae</span> <span class='ocrx_word' id='word_1_354' title='bbox 1079 4106 1107 4157; x_wconf 91' lang='lat' dir='ltr'><em>B</em></span> <span class='ocrx_word' id='word_1_355' title='bbox 1229 4107 1262 4157; x_wconf 87' lang='grc'>14</span> <span class='ocrx_word' id='word_1_356' title='bbox 1279 4120 1383 4176; x_wconf 84' lang='lat' dir='ltr'>pmuo·</span> 
     </span>
    </p>
   </div>
   <div class='ocr_carea' id='block_1_4' title="bbox 351 4181 1205 4276">
    <p class='ocr_par' dir='ltr' id='par_1_5' title="bbox 351 4181 1205 4276">
     <span class='ocr_line' id='line_1_40' title="bbox 351 4181 1205 4276; baseline 0.005 -19"><span class='ocrx_word' id='word_1_357' title='bbox 351 4202 409 4258; x_wconf 85' lang='lat' dir='ltr'>lms</span> <span class='ocrx_word' id='word_1_358' title='bbox 429 4208 457 4260; x_wconf 95' lang='grc' dir='ltr'><em>Β</em></span> <span class='ocrx_word' id='word_1_359' title='bbox 597 4209 628 4260; x_wconf 90' lang='grc'>16</span> <span class='ocrx_word' id='word_1_360' title='bbox 651 4205 824 4276; x_wconf 80' lang='lat' dir='ltr'>conlcrprunr</span> <span class='ocrx_word' id='word_1_361' title='bbox 847 4208 875 4260; x_wconf 95' lang='grc' dir='ltr'><em>Β</em></span> <span class='ocrx_word' id='word_1_362' title='bbox 1014 4211 1045 4261; x_wconf 89' lang='grc'>19</span> <span class='ocrx_word' id='word_1_363' title='bbox 1069 4181 1158 4263; x_wconf 64' lang='lat' dir='ltr'>nlaii</span> <span class='ocrx_word' id='word_1_364' title='bbox 1179 4213 1205 4261; x_wconf 86' lang='grc' dir='ltr'><em>Α</em></span> 
     </span>
    </p>
   </div>
   <div class='ocr_carea' id='block_1_5' title="bbox 0 0 1630 4964">
    <p class='ocr_par' dir='ltr' id='par_1_6' title="bbox 0 0 1630 4964">
     <span class='ocr_line' id='line_1_41' title="bbox 0 0 1630 4964; baseline 0 0"><span class='ocrx_word' id='word_1_365' title='bbox 0 0 1630 4964; x_wconf 95' lang='lat' dir='ltr'> </span> 
     </span>
    </p>
   </div>
  </div>
 </body>
</html>
