3260 4968
350 403 389 465 w
748 395 981 461 nat-tss

414 571 564 634 Maacvs.
609 562 649 632 ‘A
679 569 759 632 Ioue
793 569 963 632 Musarum
999 559 1202 648 primordia‚'
1231 565 1315 628 sicut
1345 565 1381 628 in

350 673 462 738 Aratio
486 672 630 736 carmine
653 671 716 735 orsi
739 693 860 734 sumus.

415 777 575 845 vanvs.
607 775 772 842 Quorsum
795 774 900 838 istuc?

414 881 565 944 Mauors.
597 878 684 946 Quia
705 899 795 940 nuno
818 877 898 941 item
920 880 960 940 ab
976 879 1092 942 eodem
1106 889 1139 941 et
1154 899 1173 940 a
1188 876 1304 940 ceteris
1319 875 1381 939 diis

320 1005 331 1044 a
349 983 588 1047 immortalibus
609 992 688 1044 sunt
708 981 803 1044 nobis
826 981 944 1066 agendi
967 982 1126 1066 capienda
1147 979 1333 1065 primordia.

415 1086 575 1154 varvs.
606 1084 738 1168 Optime
762 1106 848 1162 uero,
873 1083 980 1162 frater,
1006 1096 1039 1148 et
1061 1085 1133 1148 fieri
1155 1085 1201 1148 sio
1224 1085 1325 1147 decet.
1403 1091 1421 1147 8

413 1191 564 1254 Mancvs.
601 1187 781 1252 Videamus
808 1187 909 1272 igitur
940 1210 1058 1266 rursus,
1090 1187 1181 1272 prius
1204 1208 1303 1270 quam
1325 1185 1425 1252 aad

350 1293 537 1377 gradiamur
564 1293 605 1355 ad
634 1292 723 1375 leges
753 1289 911 1375 singulas,
942 1290 1013 1353 uim
1042 1304 1260 1373 naturamque
1289 1289 1378 1373 legis,

350 1418 400 1474 ne,
426 1416 525 1479 quom
548 1395 717 1458 referenda
739 1393 806 1456 sint
828 1394 869 1457 ad
891 1416 964 1457 eam
985 1394 1079 1458 nobis
1099 1394 1217 1472 omnia,
1234 1393 1383 1456 labamur

308 1523 333 1562 10
350 1499 519 1562 interdum
546 1520 652 1562 errore
682 1497 840 1561 sermonis
868 1497 1120 1582 ignoremusque
1150 1497 1221 1560 uim
1248 1496 1383 1560 rationis

351 1601 430 1680 eius,
455 1623 520 1684 qua
541 1601 613 1665 iura
636 1600 730 1665 nobis
753 1600 940 1664 definienda
962 1600 1036 1664 sint.
1299 1685 1300 1688 Ἴ

416 1704 575 1771 varvs.
607 1704 692 1767 Sane
715 1701 849 1786 quidem
870 1702 989 1782 hercle,
1015 1715 1047 1767 et
1070 1714 1118 1767 est
1140 1703 1202 1766 ista
1221 1712 1310 1766 reeta
1325 1702 1383 1764 do-

352 1808 449 1871 oendi
472 1807 536 1870 uia.
1099 1813 1102 1820 '

415 1912 566 1975 Menova.
602 1911 701 1974 Hanc
728 1909 830 1993 igitur
857 1908 953 1972 uideo
981 1911 1043 1994 [ex]
1071 1907 1384 1993 sapientissimorum

309 2013 451 2078 afuisse
480 2013 685 2104 sententiam,
709 2013 817 2098 legem
838 2035 945 2096 neque
968 2012 1141 2076 hominum
1163 2010 1304 2096 ingeniis
1327 2032 1384 2073 ex-

353 2117 528 2202 cogitatam
565 2137 627 2181 neo
662 2116 781 2179 scitum
813 2115 945 2198 aliquod
979 2137 1046 2179 ease
1079 2115 1289 2198 populorum,
1328 2113 1386 2178 sed

443 2308 469 2379 ⁵l
489 2305 518 2359 in
535 2306 633 2360 Aratio
646 2307 684 2359 R.
697 2305 845 2375 Stephanus
862 2321 1015 2382 mnarrarro
1028 2305 1054 2354 A
1073 2320 1227 2357 mnarrauo
1239 2304 1303 2357 BH

352 2374 571 2475 llffiHuio)
673 2383 1128 2479 lda(at'nrasura)AqdaH
1222 2405 1387 2459 &aHdra

352 2495 564 2566 superscriptam
582 2497 610 2550 B
628 2495 653 2548 a
672 2513 688 2548 a
709 2495 742 2560 l&
761 2499 829 2560 corr)
842 2499 867 2548 A
954 2490 1053 2572 cereris
1065 2495 1101 2546 H
1178 2489 1232 2545 dus
1247 2509 1387 2545 immorta-

352 2581 437 2641 11st
452 2579 532 2649 drslru
546 2579 713 2633 mortalibus
729 2578 761 2644 (rs
775 2599 788 2632 e
806 2598 869 2634 corr
887 2584 912 2632 et
928 2596 955 2631 tu
974 2579 1004 2632 ἐπ
1022 2579 1106 2633 litura
1124 2578 1206 2632 triam
1225 2577 1385 2642 litterarum)

352 2670 380 2720 A
398 2664 452 2720 dus
467 2663 663 2720 mmorrahbus
678 2667 714 2719 H
818 2664 959 2734 §agenda
975 2666 1011 2718 Η
1117 2662 1266 2735 prrmordra
1283 2665 1319 2717 Η
1332 2680 1388 2734 prr-

352 2760 474 2834 mordraa
491 2770 519 2823 B
536 2767 686 2838 primordia
704 2787 764 2822 corr
781 2788 813 2823 aa
830 2768 980 2839 primordio
997 2770 1025 2820 A
1144 2770 1159 2819 6
1178 2765 1260 2820 decet
1277 2785 1337 2821 corr
1354 2785 1387 2819 ex

354 2855 424 2909 dreit
439 2859 465 2908 A
576 2857 590 2906 t
609 2853 802 2923 adgrediamur
821 2858 847 2920 (r
864 2855 989 2909 altimum
1006 2854 1035 2906 ia
1052 2856 1162 2917 rasura)
1182 2857 1209 2906 A
1219 2927 1230 2936 ³
1315 2851 1386 2906 Sla-

354 2973 398 3046 grs
412 2977 448 3029 Η
460 2971 538 3044 leges
553 2991 614 3027 corr
632 2971 656 3025 rs
672 2975 725 3028 AB
846 2978 861 3026 9
880 2991 963 3044 quom
981 2977 1007 3026 A
1024 2947 1107 3052 duom
1124 2976 1153 3027 B
1174 2945 1236 3027 olli
1252 2974 1288 3026 Η

355 3081 386 3131 10
404 3077 617 3147 ignoremuaque
633 3075 691 3129 uim
709 3077 841 3131 sermonis
863 3093 904 3130 om
922 3079 958 3130 H
1069 3095 1127 3130 uun
1147 3073 1280 3130 sermonis
1295 3049 1387 3146 etqui

354 3163 380 3229 (l
395 3165 518 3218 ultimam
540 3163 569 3216 ia
587 3161 718 3216 sermonis
734 3183 750 3216 a
769 3181 829 3216 corr
846 3164 911 3229 add)
930 3165 959 3217 B
976 3180 1033 3216 urm
1051 3159 1241 3216 sermomserus
1256 3178 1327 3231 quo*
1347 3159 1386 3226 (se

353 3254 415 3304 aazia
434 3268 443 3302 1
462 3268 532 3313 corr,
552 3265 624 3317 quo*
643 3266 705 3302 corr
721 3268 753 3303 ea
771 3253 832 3319 qua)
853 3251 880 3300 A
905 3246 966 3302 erus
979 3265 1034 3319 quo
1053 3250 1100 3302 aad
1116 3266 1133 3302 0
1151 3248 1181 3300 ia
1197 3264 1245 3300 raa
1264 3265 1326 3301 corr
1339 3248 1376 3300 H
1376 3268 1385 3306 ,-

348 3335 495 3406 primita‘aa
507 3335 645 3404 saraptam
656 3351 711 3405 qua
719 3335 875 3405 persuadet,
892 3331 1029 3399 lermoms,
1045 3335 1114 3404 quod
1123 3334 1203 3402 sarri
1218 3352 1271 3388 oon
1284 3337 1384 3403 potat,

347 3421 612 3492 properaturarum
630 3421 745 3474 eiusdem
762 3421 834 3474 uocis
852 3439 943 3474 errore
961 3424 1049 3473 ortam
1066 3438 1128 3480 aare,
1149 3419 1223 3472 caius
1241 3421 1306 3484 loeo,
1326 3437 1386 3472 oum

354 3507 442 3562 aberae
462 3524 556 3560 nomeu
574 3525 628 3559 noa
640 3507 743 3576 poerit,
763 3506 812 3560 uia
829 3507 906 3560 aliud
922 3507 1030 3559 uidetur
1047 3506 1175 3575 scriptum
1191 3505 1287 3572 saitae,
1307 3524 1386 3576 quam

354 3592 424 3661 quod
442 3592 551 3660 reposui
566 3592 681 3646 rationis
700 3592 759 3646 eius
777 3609 844 3662 qua;
871 3594 965 3661 causer
984 3593 1015 3645 da
1034 3597 1102 3645 orat.
1116 3593 1140 3656 3,
1156 3595 1181 3656 6,
1196 3593 1227 3644 21
1247 3592 1295 3646 ubi
1314 3590 1386 3645 enim

352 3684 495 3748 perspecta
505 3677 549 3730 uis
562 3685 604 3731 est
615 3677 730 3732 rationis
743 3677 802 3732 eius
814 3695 868 3748 qua
880 3694 978 3731 caueae
990 3695 1082 3731 rerum
1094 3685 1297 3747 cognoscuntur

355 3765 384 3814 11
405 3761 564 3816 drffmreuda
581 3765 618 3817 H
723 3765 752 3815 12
771 3761 864 3817 hercle
882 3766 904 3829 (a
922 3782 935 3816 a
954 3769 1020 3830 corr)
1040 3767 1067 3816 A
1178 3766 1210 3815 14
1228 3763 1386 3835 exlsaplen·

352 3846 555 3902 arumnorum
573 3849 688 3913 (uidetur
705 3846 897 3920 taprennffimr
914 3866 1008 3903 rorum
1026 3851 1121 3918 falsae)
1140 3853 1168 3905 B
1186 3847 1386 3921 *alaprenul‘fi-

351 3949 414 4001 moa
425 3937 451 3986 A
469 3951 501 3987 ex
520 3933 737 4005 saplennl’srmoa
750 3937 786 3988 H
788 3956 796 3998 ,·
817 3953 850 3989 ex
868 3938 938 3989 uada
955 3942 1048 3990 notum
1065 3937 1102 3992 att
1118 3955 1172 3991 aon
1189 3937 1318 4006 intelliqo,
1332 3938 1389 3990 nisi

345 4023 425 4090 sorta
442 4021 477 4074 od
496 4019 678 4090 excogitatam
695 4021 834 4075 aberrauit
845 4021 974 4076 librarius
1063 4024 1094 4074 15
1107 4019 1246 4077 sententia
1258 4025 1297 4085 H,
1314 4025 1385 4092 qaod

352 4125 405 4160 ooo
423 4125 487 4160 anau
504 4111 592 4160 ortam
608 4109 654 4161 aad
667 4111 784 4179 propter
802 4125 835 4162 ex
848 4109 969 4178 positum
984 4109 1092 4162 uidetur
1190 4115 1349 4178 exoogrrara
1361 4112 1385 4174 (a

353 4211 415 4248 corr
432 4211 464 4246 aa
481 4196 505 4258 ο)
524 4195 551 4245 A
652 4195 683 4247 16
702 4190 786 4247 situm
803 4196 839 4248 H
932 4193 1097 4265 populorum
1115 4193 1163 4248 aed
1180 4195 1322 4248 deteriores
1337 4211 1385 4264 po-
