3250 4974
363 443 404 503 22
793 443 848 504 17,
869 441 970 491 21-23

363 611 493 700 didisse,
514 612 630 696 inquo
653 612 782 696 scripsit
802 605 898 675 ‘nihil
921 633 1034 675 curare
1058 613 1156 676 deum
1178 632 1240 674 nec
1263 611 1315 674 sui
1335 633 1397 674 nec

364 712 487 782 alieni.'

428 824 581 886 Arncvs.
612 819 724 904 Perge,
744 839 877 902 quaeso:
901 839 979 881 nam
999 818 1042 897 id,
1061 819 1149 903 quod
1164 816 1225 882 tibi
1241 817 1394 895 concessi,
1407 823 1446 880 22

365 946 502 1007 quorsus
524 924 688 1007 pertineat
710 932 856 1006 expecto.

331 1042 345 1082 ⁵
428 1028 580 1091 Msucvs.
617 1026 694 1088 Non
721 1024 842 1088 faciam
869 1023 1013 1109 longius,
1043 1025 1109 1087 huc
1133 1023 1222 1087 enim
1243 1023 1394 1107 pertinet,

363 1129 487 1194 animal
501 1130 564 1193 hoc
578 1128 763 1213 prouidum,
782 1150 888 1213 sagax,
906 1127 1088 1211 multiplex,
1103 1137 1245 1205 acutum,
1263 1148 1395 1205 memor,

363 1234 501 1318 plenum
527 1231 662 1295 rationis
685 1241 718 1294 et
740 1231 877 1310 consilii,
909 1253 1006 1313 quern
1033 1252 1191 1296 uocamus
1217 1229 1394 1309 hominem,

363 1336 531 1420 praeclara'
547 1336 688 1418 quadam
704 1335 896 1398 condicione
911 1346 1105 1419 generatum
1120 1355 1188 1397 esse
1208 1355 1227 1395 a
1245 1354 1397 1417 supremo

363 1440 434 1504 deo.
464 1441 571 1504 solum
593 1449 642 1502 cst
664 1437 753 1502 enim
776 1460 817 1501 ex
839 1448 888 1501 tot
909 1437 1129 1501 animantium
1150 1437 1325 1521 generibus
1348 1447 1397 1500 at-

321 1557 346 1599 10
364 1565 428 1627 que
450 1542 577 1606 naturis
599 1541 761 1625 particeps
784 1540 918 1606 rationis
941 1552 974 1604 et
996 1539 1210 1625 cogitationis,
1229 1562 1328 1623 quom
1344 1562 1398 1604 ce-

363 1645 527 1715 terasint
548 1644 658 1710 omnia
681 1644 835 1728 expertia.
866 1643 946 1726 quid
973 1654 1022 1708 est
1048 1654 1167 1722 autem,
1195 1665 1264 1706 non
1290 1643 1398 1707 dicam

363 1748 399 1812 in
427 1748 561 1813 homine
590 1748 647 1812 sed
672 1747 709 1810 in
732 1747 822 1810 omni
846 1747 934 1810 caelo
957 1757 1055 1831 atque
1078 1757 1171 1826 terra,
1197 1747 1323 1811 ratione
1347 1747 1397 1810 di-

364 1852 497 1916 uiniust
524 1874 607 1935 quae
631 1872 730 1933 quom
752 1850 898 1914 adoleuit
920 1860 1017 1933 atque
1040 1849 1185 1933 perfecta
1208 1861 1264 1930 est,
1289 1850 1397 1914 nomi-

362 1966 462 2019 natur
477 1955 537 2018 rite
553 1953 722 2038 sapientia.
740 1964 788 2017 est
802 1953 910 2039 igitur,
929 1953 1085 2037 quoniam
1099 1953 1184 2016 nihil
1205 1963 1254 2018 est
1272 1953 1397 2016 ratione
1408 1957 1447 2014 23

363 2245 433 2318 pulli
456 2248 508 2314 (sic)
530 2248 566 2302 H
580 2253 663 2318 caput
679 2245 735 2299 uiri
752 2245 840 2300 Aldus
857 2263 939 2317 nepos
1062 2247 1073 2297 1
1095 2243 1218 2315 scripsit]
1231 2240 1398 2315 ‘Epicurum

362 2352 417 2386 nort
435 2332 594 2398 nominauit,
615 2333 687 2405 quod
704 2333 771 2385 sutis
788 2332 881 2385 Attico
899 2335 980 2384 notus
997 2336 1065 2384 esset
1083 2337 1179 2384 auctor
1197 2331 1351 2395 sentcntiae,
1371 2337 1398 2386 et

363 2437 423 2473 cum
441 2419 513 2473 iuter
531 2439 558 2473 se
576 2420 713 2490 Epicurei
728 2417 799 2471 dixit
817 2416 956 2481 dicebaut,
979 2417 1229 2486 perexcellentium
1247 2417 1398 2486 Epicurum

364 2503 572 2578 irrtclsu'peburct.³
593 2504 740 2559 Turnebus.
760 2504 839 2572 Cous.
859 2504 937 2556 Tusc.
954 2504 976 2566 1,
995 2503 1035 2566 14,
1051 2503 1081 2552 31
1097 2499 1170 2555 Serit
1187 2503 1307 2568 arbores,
1327 2521 1398 2574 quse

363 2589 443 2645 alteri
462 2588 571 2645 saeculo
589 2589 712 2661 prosint,
737 2597 770 2642 ut
787 2588 828 2642 ait
843 2587 873 2640 in
892 2586 1078 2658 Synephebis,
1099 2590 1281 2658 querulosum
1298 2591 1398 2644 doctis-

362 2676 428 2728 simi
445 2677 555 2746 quidum
574 2676 702 2746 pluribus
719 2675 806 2728 modis
824 2674 1024 2744 interpolamus
1144 2691 1179 2728 nc
1203 2674 1244 2729 sur
1261 2677 1289 2728 A

363 2760 480 2830 3queso
498 2764 526 2815 A
624 2759 765 2833 q;„sonam
783 2762 811 2814 Β
908 2759 938 2812 1d
959 2758 986 2825 (d
1003 2777 1066 2814 corr
1085 2778 1116 2813 ec
1133 2765 1155 2825 c)
1177 2762 1206 2815 Β
1303 2763 1398 2815 scur-

363 2845 409 2902 sus
424 2864 488 2901 corr
505 2845 621 2917 quorsus
636 2849 664 2902 Β
779 2844 896 2914 fisagax
915 2862 946 2898 er
967 2847 993 2909 (x
1012 2863 1042 2899 er
1059 2846 1088 2898 iu
1107 2863 1153 2899 rus
1171 2850 1240 2912 corr)
1262 2848 1299 2905 H

305 2931 516 3010 viconsrhis
530 2935 559 2988 B
671 2930 865 2986 Scondmonc
882 2933 938 2986 AB
956 2930 1116 2986 condicione
1134 2931 1170 2984 H
1276 2934 1398 2986 Lactan-

363 3018 417 3072 tius
434 3018 506 3074 Iust.
526 3019 583 3072 diu.
604 3020 630 3083 4,
650 3020 676 3084 4,
697 3020 712 3071 6
730 3017 770 3071 Μ.
783 3015 901 3082 Tullius,
915 3015 963 3087 qui
980 3017 1085 3071 latetur
1101 3014 1240 3071 hominem
1257 3015 1398 3088 praeclara

363 3104 481 3175 quedam
498 3103 659 3159 condicione
677 3122 693 3157 a
711 3121 816 3158 summo
839 3106 981 3174 (supremo)
1002 3102 1052 3156 deo
1072 3120 1132 3157 esse
1150 3109 1318 3172 generatum.
1339 3103 1400 3156 Ibi-

361 3191 422 3245 dem
441 3193 470 3256 1,
490 3193 521 3255 5,
541 3193 574 3243 24
593 3189 722 3244 Cicero..
734 3189 893 3259 frequentor
915 3188 997 3243 deum
1020 3188 1165 3243 confitetur
1187 3204 1219 3242 cc
1241 3205 1398 3258 supremum

362 3283 445 3330 uocat
462 3275 492 3329 in
509 3274 544 3331 iis
561 3274 651 3340 libris,
666 3292 735 3345 quos
753 3274 788 3329 de
804 3273 913 3344 legibus
932 3274 1052 3346 scripsit.
1152 3275 1167 3326 9
1186 3271 1361 3350 generalibus
1369 3273 1398 3325 B

469 3382 499 3432 10
519 3386 546 3434 ct
563 3376 740 3448 cogitationis
759 3377 849 3430 omisit
866 3380 895 3433 B
911 3378 937 3431 sc
955 3395 1017 3447 cogi
1029 3375 1171 3446 llruuoms
1184 3378 1212 3429 A
1230 3377 1276 3430 sed
1292 3377 1318 3430 sc
1336 3392 1398 3445 cogi

362 3482 391 3535 ia
409 3487 526 3535 extrema
540 3482 646 3552 papiria
664 3481 750 3536 litura
768 3498 831 3534 corr
928 3455 1008 3551 siurim
1020 3483 1048 3534 Β
1066 3497 1128 3534 cum
1142 3481 1178 3534 H
1191 3477 1265 3549 quoi
1276 3482 1304 3534 A
1322 3480 1368 3534 sed
1382 3477 1399 3532 i

363 3585 393 3638 r'rt
411 3584 496 3637 litura
515 3602 578 3639 corr
693 3602 787 3639 cetera
809 3587 833 3650 (a
850 3602 912 3638 corr
929 3584 959 3637 su
976 3588 1081 3649 rasura)
1104 3585 1132 3636 A
1248 3584 1277 3635 11
1305 3557 1398 3653 expiar-

363 3687 405 3724 ιιι
423 3671 451 3724 Β
554 3669 716 3724 Lactantius
734 3671 803 3724 last.
824 3669 926 3734 dias,
948 3671 989 3734 11,
1012 3672 1042 3721 15
1061 3668 1145 3728 Quod
1162 3667 1259 3723 Cicero
1272 3667 1398 3738 quamuis

364 3772 463 3853 expers
486 3753 645 3811 caelestium
666 3753 822 3810 litterarum
843 3753 916 3809 uidit
936 3761 1043 3821 tamen,
1063 3753 1111 3825 qui
1133 3753 1206 3808 libro
1231 3753 1266 3808 de
1287 3752 1398 3824 legibus

362 3840 451 3912 primo
474 3841 526 3896 hoc
550 3839 624 3894 idem
646 3840 762 3895 tradidit
784 3841 858 3911 quod
880 3841 1044 3912 prophetae,
1071 3840 1151 3895 cuius
1172 3840 1258 3896 uerba
1281 3838 1395 3895 subieci

358 3923 474 3982 ‘animal
497 3926 549 3981 hoc
567 3926 764 3997 prouidumu
781 3926 899 3982 ·omnia
918 3924 1062 3997 expertis?
1199 3925 1242 3980 est
1258 3926 1306 3980 sed
1323 3924 1381 3979 ss
1369 3944 1398 3978 ur

362 4049 409 4085 ras
432 4048 491 4085 corr
508 4031 544 4084 H
640 4033 671 4084 12
690 4006 803 4085 drumhs
817 4032 845 4083 A
945 4031 976 4082 13
995 4046 1078 4100 quom
1095 4031 1123 4082 A
1147 4046 1209 4083 cum
1228 4031 1264 4084 H
1358 4017 1398 4081 di·

362 4107 590 4213 ulnuusqupqucu
591 4107 745 4203 predoleun
761 4137 781 4199 (r
797 4139 822 4188 et
840 4138 927 4187 cetera
945 4134 1023 4205 siqua
1040 4151 1054 4184 a
1071 4137 1140 4198 corr)
1163 4135 1197 4188 Β·
1281 4134 1399 4186 Mutuu-

363 4237 416 4290 tius
435 4239 505 4292 last.
528 4237 585 4290 diri.
601 4238 625 4302 3,
642 4239 682 4301 10,
698 4240 714 4290 6
733 4243 760 4290 et
777 4235 842 4307 quio
861 4233 889 4288 in
907 4233 1018 4289 homine
1035 4233 1107 4290 ratio
1124 4235 1186 4305 ipsu
1203 4235 1327 4306 perfectu
1344 4240 1395 4300 cst,
