3252 4964
798 385 984 442 anounmn

697 679 1086 792 FRAGMENTA

446 878 472 932 1.
495 868 687 934 Lactantius
708 868 815 932 Instit.
839 867 906 931 diu.
930 875 956 946 5,
976 875 1003 946 8,
1025 875 1072 930 10.
1103 869 1197 931 Nnne
1212 875 1315 932 antem
1329 869 1410 932 mat‘

378 981 451 1037 sant
472 963 666 1057 innotatione
688 971 768 1035 reati
788 995 825 1035 ae
841 971 923 1034 boni.
949 970 1170 1055 quodquidam
1189 969 1298 1035 Cicero
1313 971 1405 1036 nictit:

379 1075 542 1158 dispntons
568 1074 649 1138 enim
675 1076 712 1139 de
741 1074 860 1159 aqna
889 1073 974 1138 sieut
1003 1096 1070 1137 una
1096 1073 1212 1158 inquit,
1228 1096 1405 1157 eaaemque

379 1188 496 1241 natura
515 1177 659 1242 mundus
674 1179 826 1242 omnibus
840 1178 987 1261 partibus
1002 1177 1089 1241 inter
1104 1199 1137 1241 se
1153 1177 1407 1262 congruentibus

380 1281 531 1344 cohaeret
550 1281 727 1360 annititur,
753 1281 799 1344 sio
822 1303 934 1345 omnes
955 1281 1105 1344 homines
1127 1280 1213 1344 inter
1235 1303 1269 1344 se
1291 1291 1408 1344 natura

380 1383 508 1448 confusi
533 1382 696 1467 prauitate
723 1384 933 1464 dissentiunt,
964 1406 1026 1448 nec
1053 1406 1087 1448 se
1114 1383 1313 1468 intellegunt
1341 1406 1408 1448 esse

381 1486 639 1571 consanguineos
654 1498 687 1551 et
709 1488 870 1552 subiectos
886 1508 998 1550 omnes
1013 1488 1073 1550 sub
1087 1476 1190 1549 unam
1206 1487 1408 1570 eandemque

379 1574 530 1654 tutelam:
556 1589 643 1672 quod
665 1589 692 1653 si
714 1600 888 1669 teneretur,
914 1590 1050 1654 deorum
1070 1588 1215 1673 profecto
1231 1589 1335 1653 uitam
1349 1591 1408 1654 ho-

380 1693 485 1756 mines
508 1691 669 1756 uiuerent.

446 1803 474 1858 2.
499 1794 686 1859 Macrobius
715 1795 844 1859 Saturn.
876 1803 904 1876 6,
934 1804 961 1875 4,
994 1804 1023 1860 8.
1059 1785 1142 1860 Snnt
1169 1795 1224 1879 qni
1248 1795 1412 1859 aestiment

381 1898 438 1961 hoe
459 1899 588 1962 nerbnm
610 1898 801 1961 umbracula
824 1898 959 1983 Virqiiio
975 1907 1102 1964 anctore
1117 1899 1318 1981 conpositam,
1342 1921 1411 1962 enni

390 2004 494 2065 Varro
565 2001 682 2065 diaerit
751 2009 781 2064 et
799 2001 906 2066 Cicero
921 2001 955 2065 in
969 2002 1075 2086 quinto
1091 2003 1130 2065 de
1150 2001 1286 2085 tenitas:
1307 2001 1408 2067 Visne

381 2103 489 2189 igitur,
520 2105 676 2188 quoniam
702 2105 750 2168 sol
776 2104 950 2188 paululum
973 2127 991 2167 a
1014 2104 1149 2168 meridie
1171 2105 1237 2168 iam
1265 2105 1410 2168 deuexus

370 2178 513 2270 ‘uidetur
534 2208 723 2290 nequedum
745 2207 822 2271 satis
845 2209 885 2270 ab
900 2207 951 2270 his
965 2207 1106 2272 nouellis
1122 2207 1290 2272 arboribus
1305 2208 1411 2273 omnis

381 2308 436 2372 hie
463 2309 555 2373 loeus
581 2320 745 2410 opacatur,
776 2310 1010 2374 descendamus
1035 2311 1260 2392 (descendatur
1283 2313 1413 2382 Maero-

383 2410 460 2494 binr)
492 2413 534 2476 ad
563 2411 668 2514 Lirim
697 2435 799 2496 eaque
830 2435 913 2496 quae
942 2423 1065 2477 restant
1095 2413 1131 2476 in
1161 2412 1227 2478 illis
1262 2407 1412 2478 elnorum

382 2515 582 2579 umbraculis
605 2519 858 2600 persequamur?

448 2619 589 2703 Reliqua
610 2619 675 2682 snio
698 2619 773 2684 loeis
796 2618 941 2702 adposita
962 2626 1035 2683 snnt
1056 2619 1089 2683 in
1111 2618 1322 2684 adnotatione.
