3250 4974
422 1690 760 1775 PRAEFATIO
789 1692 981 1775 NOVAE
1009 1693 1321 1777 EDITIONIS
1376 1719 1378 1724 ’

418 2003 519 2088 Haec
534 2025 635 2088 altera
650 2025 816 2090 Ciceronis
830 2028 959 2111 Legum
980 2026 1087 2106 editio,
1115 2050 1134 2090 a
1152 2050 1204 2092 me
1221 2029 1387 2113 perinuito

358 2166 419 2207 neo
434 2144 499 2207 nisi
513 2144 656 2208 instante
667 2145 878 2230 redemptore,
892 2146 947 2209 cui
957 2147 1020 2209 hoo
1035 2145 1182 2210 officium
1194 2148 1305 2212 deberi
1319 2171 1387 2213 non

358 2286 451 2348 posse
472 2264 704 2350 intelligebam,
729 2277 850 2350 parata,
872 2266 952 2350 quid
974 2288 993 2329 a
1014 2266 1121 2351 priore
1145 2267 1242 2332 distet
1264 2269 1386 2352 quidue

357 2407 463 2449 nouae
478 2385 562 2450 dotis
584 2385 695 2450 afferat
717 2397 755 2449 ut
775 2387 919 2451 breuiter
933 2408 1103 2471 exponam,
1122 2387 1317 2453 ordiendum
1335 2390 1387 2453 ui-

358 2505 453 2569 detur
468 2528 488 2568 a
503 2506 614 2570 codice
629 2493 821 2586 Heinsiano,
840 2508 934 2571 cuius
952 2508 1107 2571 selectam
1122 2530 1221 2592 quam
1235 2510 1314 2572 olim
1330 2511 1387 2574 de·
1415 2485 1417 2490 Ι

358 2625 469 2688 deram
491 2627 640 2691 lectionis
662 2627 855 2690 uarietatem
882 2649 972 2690 nunc
1001 2627 1047 2696 ita
1069 2629 1236 2713 suppleui,
1262 2639 1299 2693 ut
1321 2630 1387 2696 iam

358 2767 470 2810 omnes
493 2746 563 2810 eius
592 2747 770 2830 scripturae
793 2747 828 2810 in
851 2746 1060 2812 adnotatione
1088 2748 1252 2833 expositae
1273 2750 1387 2835 legan-

358 2875 420 2928 tur.
449 2888 526 2929 eum
553 2865 674 2930 librum
700 2877 772 2930 tum
800 2890 875 2930 cum
898 2868 963 2931 duo
985 2867 1159 2932 Vossianos
1182 2871 1387 2935 excutiebam

357 2985 456 3049 simul
474 2997 612 3050 tractare
634 2988 819 3051 nolueram:
839 2987 990 3072 quamuis
1006 2988 1095 3052 enim
1110 3009 1178 3051 non
1193 2990 1384 3069 dubitarem,

358 3105 438 3189 quin
461 3105 496 3169 in
517 3108 580 3171 hoc
603 3107 713 3171 codice
736 3109 823 3172 idem
845 3108 1027 3186 accidisset,
1053 3109 1141 3192 quod
1162 3109 1198 3172 in
1220 3111 1387 3175 Vossianis

357 3249 420 3291 usu
442 3239 595 3312 expertus
618 3249 714 3307 eram,
740 3238 777 3291 ut
799 3229 835 3292 in
857 3228 1070 3312 excerpendis
1092 3228 1287 3294 lectionibus
1302 3233 1387 3295 Hal-

357 3348 443 3412 mius
472 3359 504 3412 et
529 3347 678 3412 Baiterus
707 3349 861 3413 nonnihil
890 3349 1055 3433 reliquum
1084 3349 1251 3428 fecissent,
1276 3360 1387 3415 tamen

356 3468 419 3530 hoc
442 3489 510 3531 non
531 3468 616 3531 tanti
631 3490 699 3532 esse
714 3469 940 3547 existimaram,
958 3480 996 3534 ut
1010 3455 1183 3554 operosum
1198 3470 1388 3535 conferendi

356 3588 535 3673 negotium·
553 3588 748 3652 sustinerem
776 3588 812 3651 in
838 3612 876 3653 eo
898 3589 995 3668 libro,
1021 3589 1115 3654 cuius
1138 3612 1221 3673 quae
1247 3591 1328 3656 fides
1355 3603 1388 3656 et

357 3708 482 3772 utilitas
511 3720 608 3786 esset,
640 3731 681 3772 ex
702 3708 829 3772 Halmii
860 3709 1101 3773 commentariis
1130 3710 1207 3774 satis
1236 3711 1388 3796 cognosci

356 3849 449 3913 posse
464 3829 652 3894 arbitrabar.
674 3839 786 3914 postea
801 3852 828 3892 a.
845 3849 1047 3894 uooccnxxv
1062 3829 1221 3915 singulari
1240 3831 1388 3894 uirorum

357 3949 560 4034 egregiorum
577 3949 634 4033 qui
648 3949 864 4014 bibliothecae
879 3949 1034 4014 Leidensi
1055 3960 1212 4035 praesunt
1233 3951 1388 4014 humani-

356 4079 423 4133 tate
445 4091 524 4132 usus
547 4069 691 4134 codicem
710 4071 776 4133 huc
792 4070 1019 4171 transmissum
1029 4070 1170 4154 inspexi,
1193 4092 1230 4134 eo
1246 4071 1387 4134 maxime

357 4189 500 4268 consilio,
526 4200 563 4253 ut
578 4211 661 4274 quae
676 4189 850 4253 Halmium
872 4201 929 4254 aut
943 4191 1112 4254 Baiterum
1133 4211 1202 4254 non
1225 4200 1311 4254 recte
1331 4201 1389 4253 aut
