3252 4964
14 306 23 654 l
662 420 685 460 11
703 409 745 471 21,
762 410 795 459 u
1185 413 1244 476 139

162 587 230 644 54*
256 607 274 644 s
299 607 317 644 a
342 579 476 643 doctum
497 578 666 643 hominem
687 602 773 658 sene,
799 580 893 644 cuius
915 581 979 644 fuit
995 581 1114 645 Accius
1135 582 1245 666 perfa-

136 705 139 712 ’
212 683 356 761 miliaria,
381 682 438 746 sed
460 704 615 761 mensem,
638 683 742 762 credo,
760 694 943 748 extremum
959 683 1046 762 anni,
1064 695 1102 747 ut
1117 695 1244 749 ueteres

212 957 264 993 uon
277 957 429 1009 possumus.
449 938 516 992 Nisi
518 939 599 1008 forte
613 939 754 992 Sisennam
766 939 902 1008 intellipit‚
918 958 995 1010 quem
1007 940 1075 994 libro
1088 941 1180 1010 primo
1190 944 1245 994 Ac·

212 1024 249 1078 eii
258 1025 432 1096 familiarem
449 1024 558 1078 uocauit
573 1025 681 1090 [seilicet
696 1024 833 1078 Turnebus
853 1027 876 1089 1,
888 1027 913 1090 2,
928 1029 942 1077 7
955 1044 986 1096 p.
998 1027 1023 1089 9,
1036 1028 1051 1078 2
1064 1025 1179 1080 Accium
1189 1047 1244 1081 non

212 1111 337 1164 Macrum
353 1111 448 1164 scribit
465 1115 491 1163 et
508 1109 604 1164 danda
611 1129 643 1181 p.
654 1113 695 1176 10,
708 1112 720 1161 1
735 1109 851 1164 Sisenna
864 1111 923 1166 eius
935 1111 1059 1177 amicusi.
1080 1113 1244 1166 Sententiam

213 1201 302 1250 tamen
321 1197 511 1267 quodammodo
531 1197 740 1251 coniectabimus.
759 1196 805 1251 Ee
823 1215 852 1250 eo
870 1197 950 1260 enim,
971 1197 1104 1268 produit,
1124 1204 1157 1251 ut
1168 1205 1243 1252 uete·
1288 1245 1289 1248 ,

212 1299 257 1337 res
277 1281 459 1348 februarium,
481 1283 520 1337 ric
538 1281 584 1337 hic
602 1282 773 1337 decembrem
794 1282 971 1352 sequebatur,
991 1283 1110 1337 arbitror
1130 1301 1188 1336 eum
1211 1285 1244 1338 de

213 1369 300 1422 Bruto
319 1369 348 1422 iu
366 1369 550 1439 superioribus
568 1370 632 1423 loeis
649 1369 795 1438 loquuturu.
816 1370 861 1422 sie
878 1368 949 1421 enim
967 1371 1070 1438 quaerit
1082 1370 1244 1424 Plutarchus

212 1454 241 1507 in
254 1453 420 1508 Problemat'
438 1455 576 1509 Turnebus
590 1455 664 1508 1538.
695 1450 829 1508 ‘Doctum
845 1452 991 1520 hominem]
1013 1455 1154 1508 Decimum
1170 1456 1244 1509 Bru-

212 1545 267 1594 tum
284 1539 419 1610 iutellipit,
442 1542 488 1611 qui
504 1540 588 1595 Accii
599 1547 696 1611 poetae
709 1540 914 1612 perfamiliaris
927 1542 996 1612 fuit.
1017 1539 1109 1594 Cicero
1123 1559 1177 1611 pro
1189 1544 1244 1595 Ar·

213 1627 270 1680 chia
287 1629 338 1692 [11,
353 1629 396 1693 27,
410 1630 449 1698 cf.
465 1627 545 1680 Brut.
560 1628 602 1692 28,
619 1629 690 1693 107].
713 1627 818 1681 Veteres
836 1631 923 1679 amun
941 1630 1055 1680 ertremo
1072 1627 1140 1680 anni
1156 1645 1244 1682 mense

211 1712 263 1765 diis
280 1712 401 1766 manibus
414 1716 563 1783 parentare
581 1713 705 1778 solebant,
723 1713 771 1782 qui
781 1711 942 1783 februarius
954 1716 1020 1777 erut,
1036 1730 1130 1765 uerum
1138 1720 1244 1783 postea·

212 1817 290 1869 quum
301 1798 463 1869 februarius
480 1799 611 1851 secundus
628 1798 696 1851 unni
711 1799 811 1852 mensis
824 1801 921 1868 faetus
939 1804 987 1863 est,
1008 1798 1134 1864 obtinuit,
1155 1804 1185 1852 ut
1203 1819 1245 1853 eo·

211 1886 270 1938 dem
287 1889 375 1938 tamen
392 1901 480 1938 mense
496 1902 540 1937 res
557 1884 653 1938 diuina
670 1884 708 1937 eis
717 1885 809 1954 fieret.
826 1902 919 1938 uerum
941 1889 1029 1938 tamen
1047 1887 1151 1940 Brutus
1168 1885 1245 1940 insti-

212 1969 265 2023 tuti
279 1970 502 2035 admiraremur,
523 1987 577 2022 uon
594 1969 771 2041 februarium
789 1972 836 2024 sed
852 1970 1014 2024 decembrem
1031 1971 1155 2025 ultimum
1172 1990 1244 2025 meu-

211 2073 265 2109 sem
281 2055 436 2126 sequebatur
454 2055 483 2108 in
501 2056 610 2108 deorum
622 2056 742 2108 manium
750 2055 992 2126 parentationrbus.
1014 2057 1096 2110 Hunc
1109 2056 1245 2112 Ciceronis

211 2142 295 2194 locem
312 2141 352 2195 sic
368 2141 398 2194 in
406 2140 537 2212 problem.
549 2141 659 2210 attinpit
672 2142 835 2196 Plutarchus
846 2145 962 2207 [Qreaest.
977 2143 1056 2196 Rom.
1072 2162 1094 2197 e.
1108 2145 1154 2207 34;
1170 2146 1243 2213 conf.

212 2245 233 2280 ο.
249 2228 290 2293 19]
305 2227 347 2280 διὰ
363 2226 387 2280 τί
403 2235 455 2280 τῶν
473 2225 559 2281 ἄλλων
574 2222 714 2298 Ῥωμαίων
733 2227 760 2280 ἐν
778 2229 816 2297 τῷ
830 2225 994 2298 Φεβρουαρίῳ
1008 2229 1070 2299 μηνὶ
1083 2230 1243 2299 ποιουμένων

210 2312 274 2385 χοὰς
291 2313 336 2366 nal
354 2313 504 2386 ἐναγισμοὺς
515 2320 570 2373 τοῖς
581 2310 724 2384 τεθνηκόσι,
741 2309 850 2384 Δέκιμος
862 2311 985 2384 Βροῦτος,
1001 2317 1036 2373 ὡς
1047 2311 1166 2384 Κικέρων
1180 2314 1243 2368 ἱστό-

212 2416 301 2469 ρηκεν,
323 2399 349 2452 ἐν
367 2402 405 2472 τῷ
421 2398 569 2470 Δεκεμβρίῳ
587 2393 659 2453 τοῦτ’
677 2397 814 2470 inpetres?
840 2400 978 2454 Turnebus
997 2402 1072 2456 1552.
1097 2401 1243 2471 Defrutum

211 2484 343 2538 orationis
355 2485 504 2540 Lambinus
515 2486 555 2539 itu
566 2485 707 2555 reparauit
726 2483 816 2555 sitque
833 2484 928 2540 eadem
946 2484 1031 2540 sacris
1049 2504 1104 2539 non
1122 2483 1243 2554 alligata.
1345 2509 1347 2514 ⁸

210 2568 291 2624 uenio
311 2569 346 2623 ad
363 2571 484 2625 munium
501 2572 571 2637 iura,
591 2587 661 2640 quse
678 2571 796 2625 maiores
813 2571 901 2625 nostri
913 2580 940 2625 et
953 2571 1154 2642 sapientissime
1165 2571 1244 2626 insti·

209 2663 324 2710 tuerunt
341 2664 369 2711 et
386 2655 594 2727 religiosissime
612 2655 764 2710 coluerunt.
786 2656 938 2712 Februario
957 2665 1049 2712 autem
1065 2675 1173 2722 mense,
1194 2656 1242 2728 qui

209 2749 268 2796 tum
286 2750 423 2797 extremus
436 2743 501 2796 anni
512 2742 614 2797 mensis
627 2749 693 2808 eret,
708 2742 825 2797 mortuis
838 2743 978 2813 parentari
989 2741 1154 2796 uoluerunt:
1169 2743 1243 2813 quod

208 2834 300 2882 tamen
311 2829 443 2883 Decimus
455 2829 559 2882 Brutus
571 2828 718 2883 Decembri
735 2829 827 2884 lacere
840 2827 953 2883 solebat.
972 2828 1052 2882 cuius
1064 2845 1115 2898 ego
1128 2828 1169 2883 rei
1181 2845 1244 2882 ceu-

211 2931 269 2968 sam
280 2932 343 2968 cum
354 2932 460 2968 mecum
472 2931 639 2983 quaererem,
655 2915 774 2968 Brutum
791 2914 962 2984 reperiebam
979 2915 1009 2967 in
1026 2915 1078 2967 hac
1095 2931 1125 2968 re
1143 2913 1242 2968 iccirco

210 3017 226 3053 a
243 3017 319 3054 more
336 2999 471 3054 maiorum
488 2997 649 3054 discesseris
668 3002 739 3064 (uam
751 2997 895 3053 Sisennam
906 2999 989 3054 uideo
1002 3017 1121 3064 causam,
1135 3017 1184 3053 cur
1196 2997 1243 3052 ille

209 3092 292 3139 uetus
309 3085 467 3140 institutum
486 3102 542 3138 uon
564 3091 701 3149 seruaret,
721 3085 863 3154 ignorare,
884 3084 995 3139 doctum
1011 3085 1149 3139 hominem
1167 3102 1240 3149 sane,

210 3171 289 3225 cuius
300 3170 355 3226 luit
366 3171 461 3226 Attius
473 3169 674 3241 perfamiliaris)
689 3169 738 3224 red
751 3176 797 3224 cet.
812 3171 889 3224 Haeo
901 3172 948 3226 ille
959 3172 989 3224 in
1001 3172 1117 3226 editione
1128 3189 1153 3225 u.
1166 3174 1240 3236 1565,

210 3257 257 3310 ubi
266 3257 331 3310 haee
342 3259 469 3311 adnotat:
483 3252 572 3328 ‘quod
588 3263 680 3310 tumen
691 3256 726 3309 D.
740 3255 794 3322 Be]
810 3258 855 3310 hic
872 3259 942 3312 heres
959 3276 991 3311 eu
1008 3276 1060 3312 uno
1078 3257 1167 3312 codice
1179 3274 1242 3326 per·

210 3343 319 3412 antiquo
336 3347 362 3396 et
380 3337 524 3398 Plutarcho
542 3341 680 3396 restinctus
693 3339 744 3395 est?
760 3343 789 3396 in
797 3342 994 3414 posterioribus
1006 3344 1167 3397 editionibus
1178 3343 1242 3396 haec

210 3429 341 3484 Lambini
356 3429 495 3484 adnotatio
507 3431 616 3500 fertur:
631 3424 714 3481 ‘duae
730 3447 806 3483 uoces
823 3427 936 3499 alligata
954 3429 1040 3484 sacris
1057 3448 1124 3500 quae
1141 3429 1242 3483 deside

211 3514 341 3568 rabuntur
358 3532 375 3568 a
392 3515 469 3568 uobis
486 3515 594 3569 additae
611 3519 674 3568 sunt
691 3516 728 3568 ud
743 3516 901 3569 sententium
911 3515 992 3569 huius
1004 3516 1059 3569 loci
1069 3516 1241 3586 explendum.-

211 3618 276 3670 quas
293 3605 382 3655 tamen
399 3602 522 3655 nolumus
539 3600 634 3655 haberi
651 3601 807 3656 Ciceronis.
824 3644 830 3656 .
847 3643 853 3655 .
870 3642 875 3654 .
893 3619 960 3671 quae
977 3607 1120 3672 sequuntur
1137 3602 1169 3655 de
1186 3617 1243 3653 ma-

211 3687 286 3740 nium
303 3686 406 3740 iurabas
423 3692 448 3740 ct
465 3688 497 3740 de
509 3685 622 3741 Decimo
639 3688 738 3752 Brute,
759 3687 807 3758 qui
822 3707 910 3742 mense
921 3688 1066 3742 Decembri
1081 3705 1134 3740 uon
1151 3690 1182 3738 ut
1199 3705 1243 3740 ue·

211 3777 280 3826 teres
298 3772 449 3826 Februario
466 3773 520 3827 diis
537 3771 659 3827 mundus
672 3773 849 3844 parentabat,
868 3774 974 3844 purtim
992 3792 1024 3828 ee
1041 3773 1130 3828 codiee
1142 3790 1243 3843 peran-

211 3858 295 3928 tiquo,
313 3859 350 3912 ad
367 3859 443 3913 errius
460 3876 537 3912 oraru
547 3862 612 3929 fere
629 3857 724 3913 iisdem
741 3860 832 3913 uerbis
849 3861 986 3930 adscripta
999 3864 1083 3925 erunt,
1094 3858 1199 3930 partim
1211 3876 1243 3910 eu

211 3944 358 3998 Plutarcho
375 3945 499 3998 restituta
515 3951 585 4012 suut,
605 3963 673 4016 quae
690 3945 776 3999 nihilo
793 3946 879 4017 mapis
894 3945 1031 4000 Ciceronis
1042 3963 1096 4001 esse
1112 3940 1238 4017 affe-eno?

210 4029 240 4084 in
257 4029 352 4084 iisdun
365 4035 477 4101 praeta
493 4032 606 4086 leuiores
620 4032 650 4085 in
662 4030 719 4085 illis
730 4032 922 4102 supplementis
933 4032 1092 4086 mutationes
1099 4035 1162 4102 post
1173 4029 1242 4083 Bru-

208 4123 255 4171 tus
269 4120 301 4184 (u.
314 4119 355 4184 23)
373 4117 494 4171 additum
512 4117 610 4188 lepitur
627 4126 659 4172 ut
676 4117 809 4188 scriptum
826 4117 970 4172 aSisenua
989 4125 1031 4172 est
1048 4121 1149 4188 etpost
1165 4105 1242 4182 igrio-

208 4220 270 4257 rsre
284 4206 318 4268 (u.
330 4205 370 4271 26)
384 4205 449 4258 haee
466 4205 568 4259 inserta
581 4209 642 4258 suut
653 4204 772 4257 Brutum
784 4209 875 4257 autem
887 4202 1021 4258 maiorum
1032 4210 1190 4258 nostrorum
1201 4198 1241 4252 iu·
