3260 4968
689 439 711 480 11
731 428 772 491 16,
786 428 818 478 41
1212 429 1271 493 123

302 598 408 662 Donis
430 597 525 682 impii
547 620 589 661 ne
611 598 741 682 placare
764 599 908 662 audeant
923 598 1007 676 deon,
1025 599 1198 663 Platonem
1212 621 1273 662 au-

239 703 339 781 diant,
364 701 422 785 qui
444 711 536 765 uetat
558 700 717 780 dubitare,
742 723 807 785 qua
829 701 872 765 sit
894 713 1004 766 monte
1027 701 1159 766 futurus
1181 702 1270 780 deuo,

240 828 339 889 quom
360 805 414 868 uir
437 825 534 868 nemo
556 805 663 868 bonus
685 805 726 868 ab
748 805 886 888 inprobo
909 827 943 869 se
966 805 1081 869 donari
1103 804 1195 869 uelit.

302 907 519 992 Diligentiam
541 917 694 971 uotorum
717 907 794 971 satis
808 907 845 971 in
859 909 932 994 lage
948 909 1137 973 dictumest
1161 929 1180 966 a
1192 929 1210 966 a
1235 929 1273 971 ao

239 1010 325 1075 uotis
347 1009 486 1094 sponsio,
512 1031 576 1092 qua
598 1011 783 1096 obligamur
804 1013 873 1075 deo.
901 1032 1008 1095 poena
1030 1034 1108 1076 uero
1131 1013 1272 1076 uiolatae
1290 1029 1304 1070 a

239 1112 406 1198 religionis
421 1112 542 1177 iustam
556 1114 796 1177 recusationem
810 1136 879 1178 non
901 1114 1009 1179 habet.
1034 1115 1114 1198 quid
1136 1136 1195 1200 ego
1217 1115 1273 1178 hio

239 1216 470 1280 sceleratorum
484 1226 559 1279 utar
573 1217 740 1301 exemplis,
766 1239 907 1301 quorum
928 1217 1047 1301 plenae
1070 1218 1274 1304 tragoediae?

243 1475 255 1525 1
274 1487 386 1544 Impune
404 1472 513 1544 placore
530 1472 648 1528 audront
667 1475 704 1528 H
812 1474 921 1545 plaeere
939 1493 999 1529 oorr
1016 1474 1126 1546 plaeere
1143 1478 1172 1529 A

241 1558 401 1630 platornem
417 1562 448 1625 (o
468 1569 543 1626 corr)
560 1562 589 1613 A
606 1558 731 1630 planona
750 1562 787 1616 H
818 1625 820 1628 ,
893 1563 1031 1615 luerent
1049 1564 1086 1617 H
1098 1579 1199 1631 uetant
1217 1564 1275 1617 AB

353 1680 434 1733 quam
452 1665 489 1718 H
597 1665 612 1715 3
631 1637 687 1742 {ab
703 1665 732 1718 B
749 1680 811 1717 oum
829 1664 866 1718 H
974 1669 1008 1718 ou
1025 1681 1070 1718 urr
1086 1681 1166 1718 nemo
1184 1663 1214 1718 in
1230 1683 1275 1718 ra·

242 1785 304 1820 auro
323 1768 352 1819 A
462 1766 587 1837 rmprobo
606 1770 635 1821 A
652 1767 747 1838 mnpbo
768 1768 805 1822 H
817 1766 904 1838 rnpbo
923 1769 951 1822 B
1061 1767 1143 1822 Plato
1160 1768 1193 1822 da
1210 1768 1275 1839 leni-

242 1853 289 1905 bus
311 1853 337 1918 4,
353 1854 402 1906 716
421 1872 434 1906 e
452 1851 597 1922 ἀκάθαρτος
620 1853 667 1923 γὰρ
690 1854 737 1924 τὴν
759 1853 846 1926 ψυχὴν
871 1853 885 1906 ὅ
907 1871 936 1925 γε
959 1853 1052 1919 κακός,
1077 1853 1192 1924 καθαρὸς
1215 1853 1275 1906 olo

243 1937 369 1997 ἐναντίος·
389 1939 459 2009 παρὰ
482 1938 511 1992 δὲ
533 1945 626 2010 μιαροῦ
649 1940 719 2010 δῶρα
742 1938 800 1992 οὔτε
821 1939 902 2010 ἄνδρα
924 1938 1021 2010 ἀγαθὸν
1044 1938 1103 1994 οὔτε
1125 1939 1185 1994 θεὸν
1210 1940 1275 1993 ἔστιν

242 2025 303 2078 ποτὲ
320 2023 350 2078 τό
368 2043 396 2096 γε
413 2024 491 2095 ὀρθὸν
510 2024 639 2100 δέχεσθαι.
659 2026 743 2096 μάτην
762 2025 806 2078 οὖν
824 2025 882 2096 περὶ
900 2024 977 2085 θεοὺς
995 2025 1009 2078 ὁ
1027 2026 1108 2086 πολύς
1127 2028 1180 2080 ἐστι
1197 2027 1276 2086 πόνος

242 2134 297 2188 τοῖς
315 2126 425 2188 ἀνοσίοις
442 2128 491 2181 κτλ
621 2130 636 2180 3
654 2133 670 2182 4
689 2104 944 2199 uehrlandrlgenna
960 2131 1007 2183 aad
1023 2147 1048 2182 ιτ
1065 2129 1095 2182 in
1103 2132 1167 2201 fine
1183 2147 1277 2183 aaran

243 2233 256 2266 e
274 2231 336 2267 corr
353 2216 396 2273 A:
409 2214 473 2285 full
489 2212 588 2284 uelll&
608 2212 665 2279 dil,
684 2219 715 2268 ul
732 2219 771 2268 eat
787 2215 817 2268 ln
835 2214 1000 2280 Halmium,
1021 2215 1092 2269 unde
1109 2220 1224 2285 apparel
1242 2215 1278 2269 li-

244 2304 331 2353 lnram
348 2300 420 2353 nillil
430 2300 569 2372 pertinere
586 2302 623 2355 od
640 2299 816 2369 drhgennam
832 2317 914 2370 neque
926 2319 958 2354 eo
970 2305 1040 2354 recle
1051 2318 1126 2354 noum
1139 2319 1193 2354 eoae
1206 2302 1279 2355 Hal·

242 2384 325 2438 onium
337 2387 373 2439 ad
384 2387 454 2440 lano
465 2404 556 2440 uocem
569 2386 761 2440 mandandam
866 2390 880 2436 5
899 2385 977 2440 uoul
987 2388 1046 2440 AB
1056 2385 1133 2440 uoul
1141 2387 1178 2441 H

243 2475 297 2558 qui
315 2489 385 2558 (fnit
401 2493 463 2558 qua)
483 2492 511 2545 B
609 2490 752 2558 Desertum
769 2489 901 2543 orationis
918 2489 1021 2554 notoni,
1042 2490 1129 2544 allero
1147 2490 1279 2544 tentantia

234 2577 305 2646 fine,
326 2575 411 2644 eapite
428 2578 514 2630 allero
532 2580 672 2637 lrnneolffi·
694 2578 900 2646 [proposueram
924 2575 1040 2645 ennnpli
1061 2594 1144 2630 oanan
1162 2574 1278 2645 diligen·

242 2661 309 2716 tiam
326 2669 455 2716 uotorum
474 2661 540 2716 satir
559 2660 589 2715 in
604 2660 667 2731 lege
686 2660 850 2715 dictumest
870 2659 986 2731 <temari
1009 2668 1151 2732 oporteret
1172 2661 1279 2732 gruario-

244 2747 312 2802 oima
334 2747 406 2801 enim
430 2765 464 2801 ex
486 2747 612 2802 omnibur
630 2745 775 2818 promissio
793 2747 848 2817 eat)
865 2764 897 2801 ao
914 2745 990 2801 uotis
1008 2746 1120 2818 aponoio
1139 2765 1194 2818 qua
1211 2746 1280 2803 obli-

245 2851 341 2904 gamur
359 2833 423 2898 de03
444 2839 475 2888 ul
491 2841 589 2889 uotum
608 2853 666 2888 eam
683 2832 819 2904 promisso
839 2833 1008 2887 coniunctum
1033 2836 1078 2903 (os.
1098 2835 1135 2890 ad
1153 2837 1214 2889 All.
1237 2836 1277 2900 12,

247 2920 287 2985 18,
305 2921 317 2971 1
336 2929 403 2974 uoto
417 2927 445 2974 et
456 2919 601 2991 promisso)
621 2920 671 2974 illa
689 2920 786 2974 loliore
804 2920 1002 2991 significatione
1020 2938 1087 2990 quaa
1099 2925 1163 2974 nola
1181 2925 1220 2974 eal
1231 2939 1279 2990 po-

244 3006 325 3060 rilum
337 3010 412 3068 asael,
428 3025 487 3060 oum
495 3007 616 3077 propria
627 3006 671 3059 nia
682 3005 742 3060 uoti
755 3006 913 3077 dfflnita'one
931 3007 1114 3066 relaberetur:
1133 3006 1164 3060 a'd
1179 3007 1280 3076 impro-

246 3092 311 3145 bant
323 3093 481 3146 Huaella'ua
497 3091 594 3146 maluit
611 3091 641 3145 in
654 3090 718 3161 lege
736 3091 841 3145 dietum
858 3098 901 3147 eat
919 3091 1035 3161 (reruari
1047 3099 1190 3163 oporteret
1205 3090 1281 3161 quod

248 3177 319 3232 enim
336 3177 502 3248 promissum
525 3195 612 3247 aeque
631 3185 756 3232 sancum
774 3178 829 3248 est>
846 3195 877 3232 ao
895 3176 955 3231 uoti
977 3177 1089 3248 sponsio
1107 3195 1163 3248 qua
1179 3198 1225 3230 —r
1250 3177 1280 3230 in

246 3283 294 3334 qno
311 3264 380 3317 mini
395 3281 490 3318 narona
507 3263 567 3318 uoti
586 3263 698 3334 sponsio
725 3266 763 3330 (nt
779 3265 810 3318 in
828 3264 981 3318 Heinat'ono
999 3267 1146 3318 correctum
1164 3268 1208 3330 eat)
1227 3263 1282 3316 dla-

240 3350 338 3420 plion
346 3350 473 3421 quonlam
485 3351 604 3404 oonaullo
616 3351 706 3405 Cicero
718 3349 778 3404 uoti
791 3351 847 3405 loeo
861 3349 973 3421 sponsio
985 3367 1040 3420 qua
1053 3348 1208 3418 obligamur
1218 3348 1279 3414 deo,

246 3438 272 3489 lo.
287 3455 308 3490 e.
321 3436 426 3507 ὁρισμὸν
439 3437 494 3490 ἀντὶ
506 3442 551 3489 τοῦ
565 3436 698 3506 ὀνόματος,
708 3435 834 3505 poeniteo
850 3436 958 3489 uidetur
962 3455 971 3495 ,·
991 3453 1022 3488 ao
1029 3434 1207 3503 praetulerim
1219 3431 1282 3486 dili·

247 3522 367 3593 gentiam
384 3530 513 3577 uotorum
529 3540 550 3576 o.
563 3521 581 3576 i.
593 3521 612 3575 l.
625 3521 730 3576 dietum
742 3528 783 3577 est
795 3521 911 3592 (seruari
924 3528 1059 3592 oportere,
1072 3519 1096 3574 si
1109 3519 1220 3590 quidem
1233 3518 1284 3589 eat)

246 3607 313 3662 haee
330 3607 390 3662 uoti
408 3608 461 3674 uis,
484 3607 596 3680 sponsio
615 3625 669 3678 qua
687 3605 842 3676 obligamur
860 3606 921 3672 deo,
936 3606 1058 3660 oratione
1070 3609 1240 3677 conformata
1253 3609 1284 3658 ut

248 3696 272 3760 3,
289 3696 330 3760 19,
344 3697 378 3747 44
394 3693 466 3764 legio
484 3695 552 3750 haee
569 3693 615 3748 uis
633 3693 678 3758 rit,
700 3693 799 3747 soitum
817 3700 845 3747 et
861 3691 969 3748 iussum
986 3693 1016 3747 in
1033 3691 1136 3758 omnia;
1157 3695 1204 3746 aed
1219 3710 1283 3762 aup-

243 3780 381 3850 plemento
403 3781 507 3834 incerto
530 3785 606 3843 ount;
630 3780 698 3834 satio
718 3779 755 3832 eil
777 3780 825 3832 loe
848 3779 977 3852 intelligi,
1003 3779 1081 3834 illam
1098 3778 1282 3850 dffinita'onom

247 3867 312 3922 adeo
330 3868 421 3921 omnio
439 3868 580 3938 complecti
595 3867 690 3937 qulbus
707 3866 850 3936 diligentia
861 3870 984 3920 uotorum
994 3865 1176 3920 commendari
1181 3865 1279 3935 poerit,

247 3954 317 4007 nillil
333 3960 363 4007 nl
379 3954 448 4008 addi
463 3954 582 4023 amplias
599 3970 701 4007 neeesse
711 3952 817 4021 sueril;
838 3957 864 4006 at
875 3950 1018 4021 obligandi
1029 3952 1104 4006 nolio
1112 3951 1232 4022 propria
1244 3954 1283 4003 ot

248 4039 277 4093 in
300 4038 444 4103 uouendo;
470 4058 520 4110 quo
541 4039 630 4093 minna
648 4038 764 4109 eogitari
780 4039 812 4092 de
833 4038 1039 4108 interpolatione
1055 4037 1158 4102 debuit]

248 4159 318 4222 pena
335 4127 387 4213 ιῖοΙ
408 4128 452 4208 (olo
470 4142 500 4197 in
517 4142 638 4212 margine
655 4143 814 4196 aduertam
832 4142 1006 4213 applicatam)
1028 4142 1065 4195 H
1175 4135 1282 4192 uiolare

249 4230 316 4282 AH
334 4227 442 4283 urolaro
465 4229 493 4282 B
614 4231 630 4281 6
654 4226 722 4298 qu1d
745 4245 810 4298 ergo
832 4231 861 4283 B
997 4228 1011 4278 ἵ
1035 4223 1234 4303 plesscroooedre
1253 4225 1282 4276 A
