3252 4964
376 421 435 484 172
829 427 905 489 1114,
928 425 957 476 11

371 592 446 657 leto.
470 603 519 658 ast
541 593 621 677 quid
643 595 837 661 turbassibur
858 595 894 658 in
917 596 1051 681 egendo,
1076 595 1165 659 fraus
1189 596 1308 661 sotoris
1327 607 1403 661 esto.

372 695 564 761 intercessor
587 697 635 762 rei
657 697 762 762 molae
784 698 935 762 salutaris
957 698 1040 762 ciuis
1063 709 1140 764 esto.

437 799 504 867 Qui
532 811 644 886 egent,
670 801 815 884 auspicio
843 811 1010 880 semiruto,
1039 802 1157 887 auguri
1184 802 1318 885 publico
1346 825 1405 887 po-

373 912 474 982 nente,
498 904 704 989 promulgata
724 903 890 989 proposita
911 903 948 967 in
970 904 1093 968 aerario
1116 905 1247 990 cognita
1272 916 1402 990 agunto,

344 1016 356 1056 ⁵
374 1027 435 1068 neo
450 1005 525 1089 plus
541 1029 640 1090 quam
656 1007 695 1070 de
711 1006 849 1092 singulis
871 1009 968 1071 rebus
990 1008 1090 1071 semel
1113 1009 1318 1088 consulunto
1336 1031 1405 1072 rem

373 1112 534 1198 populum
561 1111 716 1189 docento,
749 1110 858 1173 doceri
886 1131 905 1172 a
933 1110 1175 1194 magistratibus
1202 1111 1405 1195 priuatisque

373 1216 534 1300 pstinnto.

438 1316 617 1402 Prinilegia
631 1338 673 1380 ne
689 1315 875 1400 inrogantoz
899 1314 1061 1399 decapite
1077 1315 1159 1378 ciuis
1178 1316 1243 1380 nisi
1262 1339 1321 1401 per
1335 1339 1405 1380 ma-

374 1423 502 1486 ximum
524 1419 728 1484 comitiatum
750 1417 904 1502 ollosque
926 1439 1006 1501 quos
1030 1440 1178 1482 censores
1200 1419 1236 1482 in
1258 1419 1405 1503 partibus

331 1527 357 1571 ¹⁰
374 1524 489 1609 populi
510 1523 656 1600 locasint,
682 1544 724 1585 ne
746 1521 886 1585 ferunto.

377 1716 389 1766 1
409 1712 476 1782 quid
487 1709 641 1765 curbssssnt
652 1712 688 1764 H
776 1709 876 1764 actoris
888 1710 926 1763 R.
942 1711 1095 1779 Stephanus
1112 1709 1236 1764 auctoris
1247 1714 1338 1766 ΑΒΗ

376 1812 571 1869 21n1ercessor
589 1814 667 1881 reim
684 1811 754 1891 mele
766 1815 794 1867 B
896 1811 967 1865 male
978 1813 1043 1865 ΑΗ
1142 1811 1256 1868 salumn
1274 1802 1364 1870 sc1ins
1379 1818 1405 1880 (u

375 1920 436 1956 corr
454 1920 485 1956 eu
501 1902 520 1956 b
538 1905 570 1952 ut
586 1899 702 1965 uidetur)
714 1901 750 1953 H
845 1900 860 1950 3
879 1895 1044 1952 seruant-o·
1059 1901 1087 1954 B
1106 1896 1253 1953 seruomo*
1272 1904 1295 1966 (o
1308 1921 1321 1954 e
1334 1904 1401 1958 oorri

374 1990 403 2040 A
421 1992 446 2042 et
464 1987 503 2042 sio
520 1986 665 2040 identidem
683 1985 712 2039 in
725 1984 863 2055 proximis
880 1984 910 2036 in
927 1988 1037 2054 utroque
1149 1986 1166 2036 4
1183 1991 1195 2037 ῑ
1213 2003 1316 2040 errano
1335 1990 1360 2052 (ἴ
1376 1986 1406 2040 in

375 2073 470 2139 litura)
491 2074 528 2127 H
642 2071 793 2143 proposita,
813 2068 843 2123 in
861 2070 965 2123 aerario
984 2070 1110 2139 cognita:
1130 2071 1169 2123 sic
1187 2072 1363 2140 distinauitnr
1378 2074 1406 2126 in

374 2159 534 2214 editionibus
546 2157 684 2212 nonnullis
694 2157 892 2218 uetustioribus,
904 2159 976 2210 uelut
987 2156 1017 2209 0.
1028 2156 1166 2226 Stephani,
1175 2157 1310 2222 Lambini,
1326 2162 1403 2222 recte,

375 2246 486 2316 opinam-
502 2245 531 2298 in
545 2243 650 2298 serario
664 2243 774 2297 condita
786 2243 905 2297 habento
919 2242 1031 2296 coniecit
1043 2241 1189 2306 Turnebus,
1205 2242 1315 2298 condite
1327 2244 1406 2298 etiam

377 2333 520 2394 Gruterum
540 2328 658 2395 [condita
669 2335 750 2382 sunto
764 2330 901 2383 Iordanus
918 2346 1012 2398 nuper,
1026 2330 1072 2382 sed
1082 2347 1171 2399 praue
1188 2348 1229 2382 me
1247 2330 1334 2383 iudice
1345 2348 1406 2383 mu-

374 2422 448 2470 tatur
465 2421 582 2485 agunt03
603 2414 633 2467 id
650 2414 720 2468 enirn
738 2419 853 2478 uetatur,
873 2413 920 2486 aqi
935 2414 993 2467 nisi
1008 2417 1077 2484 quod
1089 2418 1290 2488 promuiqatum
1303 2434 1407 2486 propo-

374 2501 552 2572 situmfuerit
565 2504 625 2554 ante
643 2502 689 2567 (of.
703 2500 825 2570 Philipp.
840 2502 864 2564 5,
881 2501 905 2564 3,
921 2503 973 2552 tet
985 2502 1008 2565 8)
1022 2505 1047 2554 et
1059 2500 1088 2553 in
1101 2501 1206 2554 aerario
1220 2502 1362 2575 connitum,
1383 2502 1409 2554 si

375 2589 479 2658 quidem
497 2605 551 2640 non
569 2588 655 2640 solum
672 2587 741 2656 leaeo
759 2587 828 2640 tatae
846 2591 871 2640 et
888 2590 1011 2654 acceptae
1028 2585 1058 2638 iu
1076 2587 1211 2640 aerarium
1227 2588 1408 2642 condebantur

377 2675 461 2738 (Seru.
476 2673 512 2726 ad
522 2676 591 2725 Aen.
604 2673 628 2736 8,
645 2673 704 2724 322.
720 2674 826 2725 Sueton.
845 2674 919 2728 Caes.
932 2673 972 2738 28)
985 2670 1032 2723 sed
1048 2670 1127 2724 etiam
1138 2675 1273 2742 serendae
1291 2676 1360 2744 beqes
1370 2675 1407 2727 ad

375 2758 510 2812 aerarium
528 2756 634 2828 deferri
659 2758 684 2810 b.
698 2777 719 2810 e.
739 2757 768 2810 in
786 2759 893 2812 aerario
911 2756 1034 2830 coynosci
1049 2757 1197 2824 debebant],·
1222 2761 1315 2828 confer
1329 2760 1406 2814 sobo-

376 2843 442 2898 iium
460 2843 490 2896 in
509 2842 661 2896 Sentianum
680 2860 701 2896 o.
714 2845 756 2908 64,
774 2845 820 2895 135
840 2843 947 2897 Licinis
965 2849 992 2896 et
1009 2841 1089 2896 Iunio
1105 2860 1176 2898 coss.
1189 2845 1348 2899 auctoribus
1361 2844 1406 2898 Li·

374 2929 447 2983 cinio
464 2929 582 2982 Murena
601 2935 628 2981 et
645 2928 725 2982 Iunio
745 2927 837 2982 Silano
855 2927 961 3001 perlata
978 2926 1049 2981 illud
1066 2929 1189 2993 canebat,
1204 2947 1239 2983 ne
1251 2928 1320 2984 clem
1332 2948 1407 2984 oero-

374 3015 416 3068 rio
434 3013 523 3084 legem
541 3013 608 3068 ferri
625 3013 730 3080 liceret,
747 3015 876 3084 quoniam
886 3013 963 3084 leges
976 3013 1005 3068 in
1017 3013 1122 3068 aerario
1135 3014 1322 3070 condebantur
1333 3019 1407 3086 [quae

374 3120 469 3155 uereor
485 3120 518 3155 ne
535 3120 589 3155 non
610 3106 679 3155 recte
697 3105 815 3154 tractent
828 3100 852 3153 ii
868 3100 916 3171 qui
933 3102 1014 3165 (uelut
1032 3101 1165 3154 Halmius
1182 3105 1208 3154 et
1222 3101 1407 3171 Nipperdeius

378 3187 447 3257 Opp.
467 3189 529 3252 332)
549 3187 654 3241 serario
672 3185 762 3256 legem
779 3185 876 3241 inferri
893 3187 1026 3251 scribunt,
1047 3187 1094 3240 sed
1114 3184 1184 3240 clem
1202 3186 1307 3239 aerario
1325 3186 1408 3240 inter-

369 3279 464 3344 pretor
480 3291 537 3327 non
554 3272 692 3342 cognitam
712 3272 742 3326 in
759 3272 864 3327 serario
881 3272 972 3342 legem
989 3273 1066 3326 ferri.
1083 3273 1127 3341 Os.
1142 3272 1339 3325 Mommssnum
1351 3272 1404 3326 iur.

369 3378 446 3446 pne
459 3380 488 3443 2,
504 3379 554 3428 512
573 3381 599 3430 a
616 3375 645 3430 a
662 3376 816 3430 Anninus
833 3375 962 3430 anstrat
974 3377 1038 3428 reso
1052 3394 1085 3446 p.
1101 3377 1156 3440 nr]
1281 3349 1357 3444 aiiii
1375 3377 1411 3429 n

460 3465 474 3514 5
493 3479 543 3516 nec
561 3460 631 3533 plus]
648 3461 782 3516 inutiliter
799 3479 834 3514 ne
851 3461 896 3515 uei
912 3478 984 3515 neue
1001 3462 1129 3516 scribitur
1227 3458 1309 3514 semel
1319 3462 1411 3515 ΑΒΗ

377 3547 459 3602 simul
480 3549 627 3611 Gruterus,
648 3549 719 3618 quod
739 3567 845 3613 uereor,
869 3567 902 3601 ne
920 3548 1025 3602 incaute
1043 3545 1211 3617 arripuerint
1231 3546 1359 3601 Halmius
1381 3550 1407 3599 et

374 3651 503 3705 Baiterus
603 3649 767 3705 consulunto
780 3651 908 3704 editiones
921 3647 1081 3704 confulento
1094 3650 1184 3705 ΑΒΗ
1274 3623 1407 3714 bdbcen-

373 3771 406 3805 το
424 3751 595 3807 Heiusianus
613 3753 717 3808 ducent
735 3773 751 3808 ο
766 3757 819 3809 ΑΒ
928 3757 943 3806 7
962 3725 1088 3832 innume
1105 3754 1142 3807 H
1252 3753 1268 3804 9
1286 3751 1406 3806 comitis-

373 3862 433 3910 tum
451 3855 487 3909 R.
503 3855 655 3925 Stepbonus
676 3863 829 3914 coemento
845 3875 907 3912 corr
925 3875 957 3911 eu
973 3875 1036 3912 oum
1050 3861 1152 3911 mitaris
1168 3859 1195 3909 A
1214 3854 1279 3920 (sic)
1298 3860 1332 3909 css
1349 3872 1407 3908 no-

372 3963 406 4013 τῖι
422 3961 452 4014 Β
519 3956 642 4028 ollosque
664 3960 711 4014 sed
732 3978 749 4014 o
766 3978 806 4030 pr
823 3981 836 4014 e
854 3978 917 4015 corr
933 3962 962 4013 A
1031 3973 1169 4014 oumsceeu
1187 3933 1357 4027 mbssoslque
1374 3959 1412 4012 Π

484 4048 515 4098 10
538 4042 656 4099 locesmt
672 4064 736 4100 corr
752 4044 872 4100 locannc
889 4048 916 4097 A
933 4043 1064 4100 loeassme
1081 4046 1156 4105 ΒΕ·
1179 4044 1322 4111 [correctio
1341 4061 1407 4114 quae

373 4133 457 4186 estin
476 4134 505 4186 A
520 4132 610 4203 fidem
627 4131 705 4201 facit
724 4129 850 4196 locssint‚
870 4150 924 4186 non
940 4129 1082 4195 locassim,
1103 4132 1132 4184 io
1151 4131 1292 4201 archetypo
1305 4129 1404 4201 fuisse,

374 4235 407 4270 ea
424 4219 514 4272 eodem
528 4236 560 4287 p.
577 4219 635 4282 165,
651 4219 666 4268 3
685 4217 856 4286 inrogasitne
874 4218 980 4271 ductum
997 4218 1147 4287 sarmium
1161 4216 1294 4289 probant]
