3252 4964
609 443 644 486 m
662 433 704 498 14,
723 433 756 485 32
774 461 809 471 -
828 434 869 498 15,
890 433 922 483 33
1223 432 1283 495 193

250 605 374 692 gustari
390 604 490 669 etiam
503 615 625 689 potest3
643 605 740 689 pauci
763 605 852 669 enim
866 615 964 688 atque
987 605 1165 668 admodum
1186 603 1284 687 pauci

250 710 374 773 honore
390 719 423 772 et
437 708 540 792 glorio
555 707 745 792 amplificati
767 709 822 772 uel
843 727 1050 791 corrumpere
1073 728 1178 770 mores
1201 705 1285 769 ciui-

251 811 326 876 tatis
349 812 405 875 uel
427 811 587 896 corrigere
609 822 754 895 possunt.
778 811 835 874 scd
854 810 935 874 haec
955 822 989 874 ct
1003 831 1094 874 nunc
1109 809 1186 873 sutis
1201 819 1234 872 ct
1248 808 1285 872 in

251 915 317 980 illis
338 914 429 978 libris
452 924 590 978 tractata
616 923 694 978 sunt
714 913 918 998 diligentius:
951 935 1016 997 que
1038 935 1072 976 re
1096 913 1138 975 ad
1159 912 1285 994 reliqua

253 1018 435 1082 ueniamus.
1316 1030 1328 1070 5

203 1085 245 1234 ἐξ
317 1120 510 1184 Proximum
525 1132 637 1184 autem
652 1130 700 1184 est
715 1119 776 1202 des
803 1119 813 1202 l
828 1118 996 1203 suffragiis,
1015 1139 1098 1201 quac
1112 1118 1210 1181 iubeo
1226 1138 1287 1180 uo-

252 1235 286 1288 ta
309 1246 377 1288 esse
399 1223 619 1308 optimatibuS‚
643 1222 766 1307 populo
788 1222 899 1286 libera.

316 1329 468 1390 Annuus.
496 1327 548 1391 Ite
562 1327 706 1390 mercule
721 1325 855 1405 attendi,
873 1347 934 1389 uec
950 1324 1026 1389 satis
1041 1323 1192 1388 intellexi
1207 1322 1287 1406 quid

253 1429 315 1494 sibi
336 1431 391 1494 lex
410 1440 471 1493 cut
493 1429 573 1512 quid
595 1430 697 1494 uerba
718 1427 780 1492 ista
802 1428 936 1493 uellent.

316 1534 468 1596 Menova
491 1533 618 1613 Dicam,
643 1533 725 1611 Tito,
751 1541 784 1596 et
806 1533 960 1595 uersabor
981 1530 1017 1594 in
1040 1552 1075 1594 re
1098 1529 1226 1593 difficili
1249 1550 1287 1592 ac
1306 1545 1330 1586 1ο

253 1635 396 1699 multum
418 1647 452 1700 et
473 1658 568 1720 saepe
584 1635 737 1719 quaesita,
755 1634 907 1720 suffragiu
928 1635 965 1698 in
986 1633 1179 1718 magistratu
1192 1654 1288 1695 man-

254 1738 362 1802 dendo
385 1759 422 1801 no
439 1739 479 1802 de
502 1760 556 1803 reo
578 1739 756 1803 iudicando
771 1738 995 1821 sciscenduque
1016 1737 1053 1800 in
1074 1737 1146 1821 lege
1163 1745 1220 1798 aut
1234 1757 1288 1799 ro-

254 1840 384 1924 gatione
408 1841 493 1904 clam
516 1863 558 1905 an
579 1843 689 1925 pelam
710 1841 789 1906 ferri
810 1841 928 1905 melius
951 1850 1042 1906 esset.

257 2049 267 2097 1
284 2017 372 2115 adque
387 2048 414 2099 A
503 2018 736 2100 admodiiliduore
749 2048 778 2099 A
867 2049 883 2099 2
897 2043 1029 2117 tphficuu
1046 2047 1175 2111 (tecum)
1189 2047 1217 2099 Β

255 2151 271 2200 4
287 2121 399 2202 unciis
412 2151 440 2202 A
544 2151 560 2201 6
577 2148 733 2219 proximum
750 2156 842 2203 cutem
860 2156 902 2203 est
920 2148 1080 2204 deteriorum
1091 2166 1169 2212 unus,
1185 2149 1215 2203 0.
1229 2147 1290 2200 Ste-

250 2235 360 2304 phanus
377 2231 520 2304 proxumus
535 2239 641 2287 eure-e·
663 2238 692 2288 A
709 2227 789 2305 uniit
807 2231 900 2287 aut-d·
920 2237 948 2290 Β
964 2232 1120 2306 prouimum
1138 2239 1180 2288 est
1196 2239 1289 2287 autem

256 2320 293 2374 Β.
309 2319 469 2389 Stephanus,
485 2320 556 2389 quod
569 2320 687 2389 probant
703 2321 880 2374 recentiorum
897 2321 1024 2374 nonnulli
1039 2319 1229 2374 ernendutionic
1246 2338 1289 2389 qe·

255 2423 317 2460 nere
333 2406 384 2470 usi,
402 2404 472 2475 quod
483 2405 533 2458 etsi
543 2405 635 2458 multis
646 2406 753 2473 placere
763 2406 850 2471 uideo,
859 2423 1017 2476 peruersum
1035 2423 1089 2459 cccc
1100 2406 1207 2460 iudico:
1226 2422 1288 2475 pro-

255 2488 346 2544 xumus
366 2507 457 2544 errore
475 2490 603 2559 scriptum
616 2496 731 2561 propter
747 2489 892 2546 ueniamus
1012 2489 1214 2560 detnluffregnl'
1231 2492 1290 2546 AB

256 2579 294 2649 cf.
310 2576 443 2630 Acadcm,
457 2577 483 2641 2,
493 2593 524 2645 p.
539 2579 582 2642 55,
598 2577 631 2629 14
649 2578 746 2631 Helm,
762 2577 810 2648 qui
828 2577 892 2632 dein
908 2577 989 2632 bonis
1003 2619 1010 2633 .
1026 2620 1032 2632 .
1047 2577 1204 2647 discrepant
1220 2577 1250 2630 in
1261 2579 1289 2631 B

342 2664 357 2715 8
376 2660 497 2715 mercule
515 2662 544 2715 B
560 2661 697 2717 mercule*
716 2667 761 2724 A‚·
780 2666 816 2734 cs.
832 2683 860 2734 p.
876 2665 928 2728 o‚1
1019 2663 1126 2717 suendi
1145 2664 1204 2716 AB

255 2745 383 2802 mtellext
402 2745 577 2826 qurdlululeui
592 2747 660 2817 quud
671 2747 722 2802 libi
732 2747 779 2803 lex
787 2748 790 2816 Ι
799 2766 849 2803 aur
860 2750 885 2801 A
896 2748 1024 2804 tnrelleru
1037 2748 1105 2819 quud
1115 2747 1291 2819 s1b1lexiq1d·

256 2849 354 2905 s1b1lex
371 2869 423 2904 sut
435 2851 463 2903 Β
560 2854 591 2904 10
610 2849 726 2906 dufnsse
739 2853 767 2905 Β
865 2855 894 2906 11
915 2850 1061 2922 suffragia*
1074 2855 1102 2906 A
1121 2851 1250 2922 suffragii
1263 2852 1290 2904 B

227 2971 229 2976 -
359 2933 564 3004 inlmagtlrratfi
580 2936 707 2991 undando
725 2939 753 2991 Β
770 2936 1140 3008 mmugilrratumsandando
1159 2940 1186 2990 A

258 3022 290 3074 12
308 3038 339 3074 cc
357 3019 391 3074 de
405 3020 609 3093 Fetdllucqclius
627 3041 662 3076 en
681 3021 715 3076 de
727 3023 784 3076 AB
802 3030 851 3076 aut
868 3023 903 3077 de
920 3025 1048 3078 editiones
1141 3021 1289 3076 iudicando

254 3105 467 3176 (sciscendelque
484 3107 513 3161 in
529 3107 593 3178 lege
604 3116 652 3162 aut
664 3109 806 3178 rogatione
818 3110 919 3180 scripsi
928 3108 1075 3163 1ud1caudo
1089 3097 1228 3178 quunlege
1240 3125 1292 3162 aut

259 3205 404 3262 roganone
422 3193 481 3245 AB
498 3192 646 3247 iudicando
665 3200 713 3248 aut
729 3192 791 3264 lege
809 3202 857 3250 eut
868 3193 1012 3264 rogatione
1024 3192 1164 3248 sciscendu
1178 3194 1215 3246 R.
1230 3193 1290 3246 Ste-

254 3279 365 3350 phanus
382 3277 529 3332 iudicando
548 3285 630 3349 etque
647 3279 676 3332 in
693 3277 754 3350 lege
773 3287 822 3333 eut
844 3280 988 3349 rogatione
1011 3278 1148 3333 Turnebus
1165 3277 1289 3333 iudicau-

257 3363 292 3417 do
311 3371 393 3434 etque
411 3362 440 3416 in
456 3361 550 3433 legum
571 3364 716 3435 rogatione
737 3375 845 3420 auctore
862 3366 1006 3436 Maduiqio
1024 3365 1157 3422 Halmius
1177 3369 1202 3417 et
1220 3365 1278 3417 Bai

257 3455 345 3514 tenus,
365 3449 436 3519 quod
452 3449 521 3502 rnidi
540 3451 719 3504 concinnitate
740 3452 892 3506 dissuaderi
910 3452 1030 3515 uidetur,
1051 3468 1115 3504 nam
1132 3469 1181 3505 nec
1196 3448 1291 3520 legum

257 3553 304 3589 nec
321 3533 465 3604 rogatione
486 3534 532 3588 sed
552 3536 645 3588 saltem
667 3535 696 3590 in
713 3535 775 3607 lege
793 3537 916 3608 roganda
937 3536 1102 3606 sumsisset,
1123 3537 1242 3590 simodo
1261 3538 1290 3590 in

257 3621 380 3691 roqundu
398 3639 430 3674 ac
447 3637 502 3674 non
519 3623 609 3690 potius
626 3622 656 3675 r'n
673 3622 809 3676 sciscenda
821 3624 878 3694 lcqc
889 3624 1023 3695 suffronio
1033 3624 1188 3691 ferrentur,
1201 3624 1291 3692 [neque

258 3704 432 3775 iubendaque
444 3706 477 3760 de
489 3707 626 3762 Husclrkii
643 3708 769 3778 opinione
786 3709 886 3762 rectius
904 3709 1039 3774 scribetur,
1061 3708 1106 3762 cui
1123 3709 1290 3762 coniecturae

258 3808 324 3861 quae
338 3810 369 3862 p.
385 3792 443 3856 195,
460 3793 491 3843 15
504 3793 628 3862 tenuntur
639 3792 674 3847 de
685 3792 813 3848 iubendis
830 3794 940 3864 legibus
959 3811 990 3849 ac
1007 3794 1135 3848 uetandis
1155 3796 1195 3858 (de
1206 3813 1246 3848 or.
1263 3796 1286 3856 1,

261 3879 300 3942 14,
320 3879 365 3943 60)
391 3877 480 3930 obesse
496 3878 582 3948 mcyis
599 3897 679 3949 quam
692 3881 821 3950 prodesse
837 3880 936 3942 sentio,-
959 3883 1031 3950 conf.
1049 3881 1075 3934 ci
1092 3881 1163 3934 tanti
1179 3884 1218 3933 cst
1230 3897 1286 3949 pro

258 3963 354 4017 Plano.
370 3964 411 4028 14,
426 3963 458 4014 35
477 3962 552 4032 quod
568 3963 673 4033 primus
692 3965 775 4020 sciuit
789 3965 880 4036 legem
896 3985 1012 4038 quaeque
1029 3967 1069 4020 101
1078 3969 1238 4035 sequuntur;
1259 3967 1285 4018 ct

259 4065 342 4119 cupro
350 4066 381 4118 p.
398 4049 456 4113 101,
473 4050 524 4114 151:
539 4051 609 4118 quod
624 4055 712 4105 autem
723 4049 786 4121 lege
803 4059 852 4106 aut
868 4051 1012 4122 rogatione
1024 4051 1160 4115 scribitur,
1174 4069 1293 4121 nonpu-

259 4139 285 4187 tc
303 4134 434 4188 dissimile
452 4151 506 4188 cecc
526 4136 549 4200 1,
566 4135 607 4199 16,
621 4137 653 4187 43
673 4136 813 4206 suffragiis
826 4144 874 4191 aut
885 4137 963 4192 scitis
975 4135 1176 4191 multitudinis:
1196 4137 1290 4207 inquo

259 4221 330 4290 quod
347 4227 375 4274 et
392 4219 476 4275 scribi
491 4237 544 4290 pro
562 4227 610 4274 aut
628 4221 706 4276 iussit
725 4223 847 4289 Badius,
868 4223 1045 4278 constantiam
1063 4224 1087 4276 is
1105 4223 1211 4292 quidem
1224 4240 1291 4292 pro·

309 4333 353 4364 oro.
368 4333 418 4365 nuo.
432 4335 458 4365 u,
1051 4327 1082 4378 13
