3250 4974
378 429 460 482 XXIV
675 431 837 472 PRAEFATIO
856 431 954 472 Novus
972 429 1122 471 unrrroms

379 592 503 655 rabam:
532 613 639 674 neque
662 589 804 654 admiror
825 613 879 655 eos
902 591 959 674 qui
981 591 1015 654 in
1039 591 1079 655 iis
1101 614 1185 674 quae
1207 602 1322 676 suapte
1350 615 1410 656 na-

379 724 452 776 tura
480 711 580 775 dubia
606 721 683 775 sunt
710 722 743 776 et
767 711 892 774 incerta
919 711 1118 776 correctione
1146 711 1346 777 cuicuimodi
1373 713 1409 776 in

378 843 471 898 textu
498 832 603 918 posita
624 831 687 896 sibi
714 832 846 916 placent
867 853 965 915 seque
993 831 1189 916 suspiciunt,
1216 833 1308 917 quasi
1330 833 1409 917 quid

378 953 537 1040 praeclari
558 952 772 1038 peregissent:
796 953 890 1016 uelut
912 951 967 1016 ille
984 953 1041 1036 qui
1055 975 1162 1038 nuper
1178 954 1323 1019 uerbosis
1346 977 1409 1018 nu-

378 1076 427 1161 gis
449 1075 484 1138 in
506 1096 604 1139 usum
626 1073 751 1138 scilicet
772 1073 934 1138 studiosae
956 1073 1140 1138 iuuentutis
1160 1075 1221 1138 hos
1238 1074 1337 1140 libros
1352 1097 1410 1160 op-

378 1197 565 1283 primendos
588 1193 730 1274 curauit;
755 1194 811 1278 qui
834 1193 967 1277 quidem
988 1204 1144 1278 quantam
1167 1205 1294 1279 partem
1319 1218 1410 1261 reco-

378 1316 518 1405 gnitioni
533 1337 625 1380 meae
640 1325 807 1400 acceptam
816 1315 899 1379 ferat
913 1325 1019 1379 astute
1034 1316 1225 1396 dissimulat,
1238 1327 1276 1380 ut
1291 1316 1319 1380 si
1331 1318 1411 1400 quid

377 1439 414 1503 in
437 1460 475 1502 ea
506 1437 567 1503 sibi
594 1436 899 1521 reprehendendum
930 1446 1025 1520 putet
1052 1438 1212 1502 subducto
1235 1438 1409 1522 supercilio

379 1569 498 1643 carpat,
522 1558 550 1623 is
572 1557 728 1622 uidelicet
750 1557 808 1640 qui
830 1580 906 1621 cum
933 1556 1017 1622 nihil
1047 1558 1127 1622 utile
1155 1567 1213 1621 aut
1240 1558 1408 1645 probabile

378 1680 525 1744 attulerit
546 1680 582 1743 in
604 1677 814 1762 apertissimis
837 1700 932 1762 saepe
955 1678 1076 1742 labitur
1092 1688 1124 1742 et
1146 1677 1326 1743 identidem
1341 1690 1409 1743 tam

378 1800 544 1867 Ciceronis
567 1802 667 1864 uerba
690 1821 789 1882 quam
810 1798 1027 1883 interpretum
1041 1799 1219 1864 sententias
1240 1823 1341 1884 praue
1356 1800 1409 1865 in-

378 1922 510 2007 telligit3
529 1921 586 2005 qui
609 1920 708 1984 etiarn
722 1920 781 1983 ubi
797 1920 876 2003 quid
892 1921 979 2003 quod
995 1942 1111 1984 uerum
1133 1943 1201 1985 non
1224 1944 1292 1986 esse
1314 1921 1410 1986 facile

378 2042 487 2126 quiuis
509 2041 692 2126 intelligere
714 2051 841 2124 poterat
863 2063 882 2103 a
904 2063 956 2104 me
979 2041 1131 2106 relictum
1153 2053 1223 2106 erat
1250 2066 1317 2108 non
1346 2042 1409 2107 alia

378 2165 418 2227 de
434 2185 531 2226 causa
546 2185 645 2246 quam
660 2161 737 2245 quia
751 2161 876 2225 incerta
891 2172 960 2226 erat
976 2163 1168 2243 emendatio,
1187 2164 1297 2228 dedita
1311 2185 1410 2247 opera

377 2267 444 2348 nec¹
461 2283 532 2347 sine
554 2293 744 2367 contemptu
775 2282 906 2347 editoris
936 2284 1175 2348 confutandum
1202 2283 1264 2347 sibi
1292 2284 1407 2347 sumit:

376 2405 412 2469 in
435 2426 499 2488 qua
522 2427 555 2468 re
581 2427 658 2468 sane
681 2403 806 2468 nescias
832 2415 944 2467 utrum
966 2405 1069 2490 magis
1091 2404 1309 2490 ignorantiam
1332 2404 1409 2468 artis

379 2547 420 2589 an
443 2525 545 2589 animi
567 2525 725 2589 malitiam
747 2548 916 2611 agnoscas3
940 2526 997 2589 sed
1019 2537 1106 2590 certe
1128 2526 1261 2610 propius
1284 2527 1409 2610 perspi-

378 2649 519 2712 cientem
541 2671 609 2712 non
636 2659 743 2733 potest
771 2648 883 2734 fugere
911 2648 998 2712 hanc
1028 2649 1247 2733 compilatoris
1275 2672 1407 2733 operam

378 2770 471 2833 nulla
493 2792 528 2832 re
549 2769 652 2854 magis
676 2771 834 2834 excellere
850 2793 949 2853 quam
970 2769 1187 2856 impudentia:
1212 2782 1245 2836 et
1263 2772 1341 2835 talia
1355 2770 1408 2835 ni-

379 2892 498 2955 mirum
514 2912 581 2954 uon
605 2891 825 2956 conficiuntur
847 2892 953 2956 solum
968 2915 1085 2958 uerum
1101 2893 1198 2957 etiam
1221 2893 1406 2958 laudantur.

378 3023 500 3097 quanto
524 3023 557 3076 et
577 3011 714 3096 peritius
737 3025 769 3078 et
790 3013 826 3076 in
848 3012 948 3077 simili
970 3014 1105 3078 consilio
1126 3015 1240 3079 utilius
1269 3025 1302 3079 et
1329 3037 1409 3080 uero·

378 3135 477 3198 etiam
497 3134 665 3198 honestius
687 3134 738 3198 his
760 3134 851 3199 libris
873 3134 1125 3219 interpretandis
1151 3136 1255 3199 editor
1277 3137 1408 3201 Britan-

378 3278 441 3320 nus
463 3276 596 3340 operam
618 3256 756 3320 nauauit
777 3258 829 3321 W.
852 3258 894 3320 D.
918 3258 1128 3320 Pearmanus.

442 3412 570 3475 Dabam
593 3411 738 3476 Berolini
761 3435 803 3475 m.
827 3411 934 3495 Aprili
956 3431 1207 3476 unoconxxxur.
