3250 4974
685 431 847 473 ralarlrro
1236 440 1284 484 vn

250 597 374 661 riorum
396 595 529 660 nomine
545 593 787 677 comprehendi,
813 614 954 676 quorum
975 591 1132 656 lectiones
1149 593 1285 676 selectas

251 739 331 802 quas
357 717 393 779 in
423 715 632 779 adnotatione
654 714 749 798 posui
779 713 962 792 eDauisii‚
999 713 1186 792 Goerenzii,
1211 714 1285 777 Mo-

251 838 322 916 seri,
348 836 453 916 Bakii,
477 834 705 919 Fcldhuegelii
728 827 969 898 commentariis
996 833 1122 918 collegi.
1168 846 1201 898 at
1230 835 1285 898 uel

251 959 297 1022 sic
326 967 449 1022 restant
476 977 544 1020 non
570 977 695 1040 paucae
726 954 985 1033 emendationes,
1019 976 1103 1037 quae
1137 955 1215 1018 inde
1244 958 1285 1019 ab

251 1078 376 1143 ultimis
398 1088 436 1141 ut
457 1077 590 1140 uidetur
611 1075 810 1141 editionibus
824 1085 1020 1160 propagatae
1043 1086 1131 1139 certo
1154 1088 1286 1142 auctore

252 1210 372 1263 carent.
425 1219 504 1281 quas
536 1197 614 1260 licet
645 1196 800 1259 credibile
834 1196 876 1259 sit
908 1217 1060 1280 magnam
1093 1208 1221 1281 partem
1254 1210 1287 1262 et

252 1319 338 1404 ipsas
366 1341 384 1382 e
414 1317 580 1382 codicibus
608 1325 774 1400 promptas
804 1337 888 1394 esse,
918 1337 977 1400 ego
1006 1338 1074 1379 non
1100 1319 1194 1401 potui
1221 1319 1286 1384 nisi

253 1439 436 1505 editionum
464 1438 597 1502 nomine
625 1437 752 1501 afferre:
788 1437 868 1500 alias
897 1459 1010 1500 eorum
1037 1437 1200 1503 editorum
1226 1464 1287 1506 no·

253 1561 398 1624 minibus
419 1557 593 1643 insigniui‚
617 1557 654 1621 in
677 1578 817 1641 quorum
838 1557 930 1622 libris
951 1558 1096 1642 primum
1119 1573 1285 1644 apparent.

317 1680 543 1745 Vetustiorum
565 1689 676 1742 autem
698 1679 880 1743 editionum
901 1701 1022 1763 paucas
1051 1689 1181 1745 tantum
1202 1693 1290 1746 trac—

254 1802 338 1880 taui,
367 1801 495 1865 nullam
523 1799 743 1883 antiquiorem
763 1799 964 1863 Ascensiana
986 1822 1013 1862 a.
1037 1820 1164 1881 unxxr,
1190 1825 1288 1886 quam

255 1921 377 2004 excipit
399 1942 448 2000 ea,
478 1939 543 2004 qua
565 1921 682 1984 Petrus
704 1920 871 1985 Victorius
894 1941 920 1982 a.
944 1940 1103 1985 unxxxvr
1127 1919 1159 1986 et
1188 1927 1289 1988 uerba

255 2042 422 2114 Ciceronis
437 2040 610 2125 castigauit
632 2050 664 2104 et
679 2040 904 2104 difficiliorum
919 2043 1125 2124 quorundam
1141 2045 1290 2108 locorum

256 2161 482 2246 castigationes
511 2161 710 2246 explanauit.
757 2160 875 2224 deinde
901 2161 1038 2226 Roberti
1061 2163 1220 2247 Stephani
1247 2166 1289 2229 li-

255 2285 353 2348 brum
378 2304 406 2344 a.
434 2301 632 2360 rrnxxxvm,
667 2280 722 2344 cui
756 2302 825 2344 non
852 2281 966 2345 dubito
993 2282 1177 2367 principem
1203 2285 1290 2350 inter

256 2403 345 2467 illius
368 2403 482 2467 aetatis
504 2402 664 2466 editiones
679 2402 789 2466 locum
810 2401 981 2486 assignare,
1010 2424 1075 2486 quo
1097 2403 1180 2469 libro
1204 2407 1291 2488 quod

257 2523 395 2588 Victorii
417 2544 546 2607 quoque
568 2515 817 2607 ‘castigationes'
838 2535 987 2606 receptae
1010 2535 1095 2602 sunt,
1119 2547 1292 2610 perperam

257 2666 277 2707 a
304 2640 474 2707 nonnullis
502 2665 561 2728 pro
589 2643 779 2709 Victoriana
805 2644 955 2722 habetur,
986 2665 1085 2727 quam
1110 2646 1146 2709 in
1172 2647 1224 2710 his
1251 2648 1291 2711 de

257 2764 384 2849 legibus
405 2764 497 2828 libris
525 2763 638 2828 multis
666 2764 855 2828 nominibus
883 2774 1023 2849 superat.
1069 2742 1237 2849 praeterea
1259 2779 1292 2831 et

258 2884 437 2949 camerarii
459 2884 637 2948 editionem
659 2907 686 2948 a.
710 2903 806 2948 unxn
828 2885 1045 2950 Ascensianae
1064 2886 1291 2951 Victorianae-

259 3027 322 3088 que
354 3005 545 3068 similiorem
577 3005 669 3068 illam
700 3026 799 3088 quam
826 3005 1067 3090 Stephanianae
1102 3008 1232 3071 uersaui
1260 3019 1293 3072 et

259 3147 332 3188 eam
361 3147 444 3208 quae
471 3148 513 3189 ex
539 3125 649 3190 Caroli
678 3125 836 3209 Stephani
862 3123 993 3189 officina
1015 3147 1042 3188 a.
1066 3147 1188 3190 unnim
1215 3150 1293 3211 pro-

260 3245 334 3324 diit,
364 3246 400 3308 in
423 3267 488 3329 qua
510 3267 593 3329 quae
616 3267 657 3308 ex
678 3237 809 3309 ‘uetere'
833 3246 1032 3310 adnotantur
1060 3247 1216 3311 lectiones
1239 3269 1293 3312 eas

259 3365 431 3431 sciendum
453 3376 501 3428 est
523 3365 559 3428 in
580 3365 632 3429 his
655 3366 788 3449 quidem
810 3366 902 3430 libris
917 3388 985 3429 non
1007 3387 1076 3430 esse
1092 3389 1110 3430 e
1126 3367 1293 3432 codicibus

260 3487 316 3550 sec
344 3507 385 3550 ex
412 3485 646 3550 uetustioribus
680 3470 879 3550 emtionibus
911 3487 1017 3550 uene
1049 3487 1186 3551 nocere
1220 3488 1294 3552 ste-

259 3606 362 3690 phani
398 3607 575 3690 excerptas.
633 3606 774 3689 denique
811 3607 1062 3671 Lambinianam
1100 3629 1126 3670 a.
1164 3627 1290 3687 MDLXV‚

260 3747 343 3809 quae
365 3727 434 3791 sola
455 3746 569 3790 ueram
590 3726 744 3791 Lambini
767 3727 990 3791 recensionem
1012 3727 1157 3807 exhibet,
1183 3729 1240 3811 qui
1263 3740 1295 3793 et

261 3847 401 3911 correxit
422 3847 584 3911 nonnulla
605 3847 703 3910 tacite
726 3857 759 3910 et
784 3846 846 3909 alia
875 3848 911 3910 in
934 3847 1052 3911 additis
1075 3849 1294 3912 adnotationi-

259 3968 322 4031 bus
344 3966 531 4052 explicauit.

324 4088 433 4171 Atque
461 4086 497 4150 hi
524 4087 657 4171 quidem
684 4089 795 4173 legum
823 4088 922 4152 libros
951 4110 1019 4152 una
1046 4089 1294 4172 cumpluribus

261 4217 318 4271 aut
350 4207 502 4272 omnibus
539 4207 706 4272 Ciceronis
739 4208 868 4293 scriptis
904 4209 1142 4294 uulgauerunt:
1181 4228 1295 4271 eorum
