3252 4964
368 450 427 516 180
769 449 846 512 1118,
869 448 981 498 1s-1s

365 620 480 684 omitto
503 641 602 703 quem
624 620 665 683 ad
688 619 823 683 modum
844 619 899 682 isti
920 641 954 683 se
977 629 1093 704 gerant
1114 629 1212 702 atque
1227 619 1394 704 gesserint,

367 725 424 807 qui
445 723 608 808 legatione
629 721 819 786 hereditatis
841 731 899 785 aut
915 722 1116 806 syngraphas
1131 745 1205 786 sues
1219 745 1397 807 persecun-

365 836 428 904 tur,
452 827 489 889 in
510 826 700 890 hominibus
722 835 771 888 est
792 825 854 889 hoc
876 824 1011 889 fortasse
1033 825 1162 903 uitium,
1186 827 1243 889 sed
1266 847 1394 909 quaero,

367 928 447 1014 quid
469 951 581 1012 reapse
603 929 645 992 sit
666 929 795 1012 turpius
812 949 911 1012 quam
932 927 1003 991 sine
1024 928 1253 1011 procuratione
1268 938 1398 993 senator

337 1033 502 1118 elegatus,
527 1032 597 1095 sine
619 1031 790 1108 mandatis,
815 1031 885 1094 sine
908 1030 976 1094 ullo
999 1030 1218 1114 reipublicae
1241 1033 1398 1095 muneret

320 1148 324 1170 ‘
366 1137 454 1220 quod
477 1135 609 1218 quidem
631 1157 735 1220 genus
760 1133 933 1219 legationis
963 1155 1022 1219 ego
1045 1135 1173 1212 consul,
1199 1156 1397 1217 quamquam

366 1241 408 1303 ad
430 1239 638 1303 commodum
660 1247 791 1302 senatus
813 1237 976 1321 pertinere
999 1237 1181 1317 uidebatur,
1205 1248 1317 1302 tamen
1339 1238 1397 1301 ad-

364 1345 523 1428 probante
550 1352 667 1405 senatu
693 1340 971 1424 frequentissime,
996 1341 1060 1405 nisi
1082 1342 1164 1404 mihi
1186 1341 1271 1405 leuis
1293 1341 1398 1405 tribu-

365 1469 428 1510 nus
450 1444 555 1530 plebis
577 1455 649 1508 tum
670 1445 912 1526 intercessisset,
930 1445 1142 1510 sustulissem.
1166 1443 1273 1507 minui
1288 1454 1398 1507 tamen

323 1566 348 1606 ¹⁰
365 1560 496 1633 tempus
518 1557 559 1627 et,
585 1549 672 1632 quod
694 1560 763 1613 erat
785 1550 967 1628 infinitum,
992 1571 1141 1613 annuum
1162 1546 1235 1611 feci.
1259 1547 1306 1610 ita
1327 1557 1397 1610 tur-

364 1652 480 1737 pitudo
503 1662 614 1715 manet
636 1652 851 1717 diuturnitate
873 1653 1009 1717 sublata.
1039 1654 1097 1717 sed
1123 1652 1204 1730 iam,
1230 1651 1258 1714 si
1278 1651 1395 1734 placet,

366 1755 406 1819 de
428 1753 608 1838 prouinciis
631 1755 808 1819 decedatur
828 1756 865 1819 in
887 1758 1068 1839 urbemque
1090 1755 1250 1819 redeatur.

429 1860 581 1921 Ar‘rrcvs.
612 1857 716 1921 Nobis
739 1880 817 1922 uero
839 1860 955 1943 placet,
979 1860 1036 1924 sed
1054 1859 1103 1938 iis,
1124 1858 1181 1941 qui
1202 1858 1239 1920 in
1260 1857 1397 1942 prouin-

365 1959 424 2024 ciis
446 1970 531 2040 sunt,
555 1960 691 2025 minime
713 1962 829 2046 placet.

324 2081 348 2122 15
429 2065 581 2128 Mancvs.
611 2066 656 2128 At
678 2087 764 2144 uero,
782 2065 864 2146 Tite,
889 2068 917 2130 si
938 2066 1102 2150 parebunt
1122 2064 1174 2127 his
1188 2063 1325 2148 legibus,
1344 2062 1398 2126 ni·
1412 2071 1448 2128 19

365 2166 415 2230 hil
437 2167 500 2231 erit
521 2166 561 2232 iis
583 2170 672 2246 urbe,
697 2166 782 2232 nihil
805 2169 900 2233 domo
923 2191 983 2233 sua
1005 2168 1148 2246 dulcius,
1174 2188 1235 2230 nec
1257 2165 1398 2231 laborio-

482 2461 494 2511 1
514 2457 579 2512 rins
595 2475 712 2528 egerens
729 2461 756 2514 B
773 2457 970 2528 ilnsesgerans
989 2462 1017 2524 (e
1030 2463 1095 2529 post
1112 2456 1127 2512 i
1141 2477 1154 2512 s
1172 2477 1240 2523 corr,
1257 2459 1321 2528 suit
1338 2456 1402 2511 rins

366 2565 492 2632 egerant)
512 2565 541 2615 A
653 2535 742 2632 adque
759 2564 788 2614 A
902 2559 1081 2630 thlgsnone
1099 2562 1127 2616 Β
1240 2559 1402 2633 singraphss

365 2682 425 2717 corr
442 2663 492 2736 syn
510 2667 538 2717 A
557 2662 707 2736 syngrapai
721 2668 749 2720 B
858 2629 1043 2719 siomfmbur
1057 2666 1084 2717 A
1194 2672 1237 2720 est
1255 2666 1398 2720 deteriores

365 2750 391 2802 8c
409 2750 467 2803 AB
577 2755 652 2804 urnii
669 2753 698 2805 B
806 2768 892 2821 quero
910 2752 938 2806 Β
1050 2752 1180 2821 4τοαρεε
1194 2751 1230 2804 R.
1247 2752 1398 2822 Stephanus

364 2834 431 2888 reab
447 2832 474 2888 se
485 2836 514 2888 Β
530 2852 561 2888 re
577 2834 629 2889 huo
645 2836 692 2889 sed
707 2834 759 2890 hnc
777 2838 806 2891 in
824 2855 922 2890 rasura
934 2838 961 2888 A
1064 2836 1258 2907 procuratione
1269 2837 1398 2891 editiones

364 2937 525 3008 poursrolre
538 2937 566 2989 Β
579 2932 788 3010 procuratores}
799 2942 827 2992 A
929 2936 1008 2993 lensi
1020 2940 1048 2994 B
1066 2937 1177 2994 senator
1194 2940 1240 2993 sed
1258 2957 1273 2993 o
1292 2959 1354 2995 sori·
1366 2959 1398 2994 sn

365 3059 384 3094 u
402 3043 431 3094 A
535 3038 723 3095 tullos-nr·
739 3045 765 3097 B
782 3035 913 3113 ullosllis}
932 3040 970 3109 (ul
987 3042 1016 3096 in
1034 3045 1138 3106 rasura)
1158 3043 1185 3094 A
1295 3041 1397 3112 dhga-

363 3124 451 3180 noml
466 3127 493 3178 B
597 3126 778 3184 tuidebatur
795 3148 809 3182 s
827 3129 885 3183 sod.
903 3128 1015 3182 Vrsinus
1034 3127 1166 3182 uideatur
1184 3130 1243 3184 AB
1350 3127 1397 3182 ad-

363 3231 499 3301 pbsnrem
512 3232 542 3285 B
559 3202 758 3302 adprobanrer'p
775 3234 803 3285 A
908 3233 924 3284 8
943 3228 1056 3285 senatus
1071 3233 1099 3284 A
1203 3229 1277 3285 letus
1291 3233 1338 3286 ssd
1355 3229 1401 3285 ius

364 3317 394 3370 in
410 3335 510 3370 rasura
528 3322 554 3370 A
571 3314 644 3370 leurs
658 3319 695 3382 B,
716 3319 784 3389 quod
802 3337 850 3372 cur
868 3317 1037 3389 displicuerit
1049 3316 1176 3379 Halmio,
1196 3335 1260 3370 nom
1272 3317 1397 3371 Messius

364 3402 455 3456 kunst
472 3403 502 3457 in
519 3403 672 3473 quisquiliis
690 3404 851 3469 editionum,
871 3423 924 3458 non
947 3403 1084 3475 intelli905
1103 3421 1185 3472 nsque
1208 3404 1279 3458 enim
1301 3422 1397 3457 nomen

360 3487 431 3556 poni
447 3488 559 3552 tribuni,
574 3507 651 3559 quem
668 3491 706 3543 ad
720 3491 826 3544 modum
843 3491 873 3543 in
891 3490 1053 3544 editionibus
1071 3487 1228 3558 quidusdam
1245 3489 1398 3542 uetustiori-

365 3573 412 3626 bus
429 3573 552 3627 Leuinus
576 3575 686 3644 iegitur,
704 3576 885 3630 necessarium
901 3575 980 3646 suit,
1000 3594 1048 3629 nse
1070 3573 1229 3629 leuissimus
1247 3575 1316 3646 quod
1333 3581 1398 3646 post

368 3693 519 3746 Turnacum
531 3696 658 3749 nonnulli
671 3696 791 3750 sortiunt
809 3695 901 3767 aptius
913 3714 993 3766 quam
1010 3694 1081 3750 leuis
1171 3699 1186 3749 9
1204 3660 1355 3750 micelirsdc
1368 3698 1396 3748 A

467 3796 575 3833 mrnura
592 3783 683 3834 mense
701 3779 814 3852 tempus
829 3779 873 3835 est
888 3780 926 3851 qd
943 3783 971 3837 B
1080 3785 1112 3835 10
1131 3799 1250 3835 annuum
1269 3781 1398 3836 editiones

364 3871 437 3920 ennii
455 3867 510 3920 AB
620 3867 649 3917 ll
669 3864 792 3921 sublatas
807 3870 835 3922 B
944 3869 992 3921 Ad
1008 3870 1066 3922 Att.
1081 3869 1127 3933 15,
1145 3869 1190 3932 11,
1205 3869 1221 3918 4
1240 3873 1267 3921 et
1284 3867 1394 3933 hebent,

364 3951 470 4023 opinor,
489 3949 594 4005 liberae
610 3949 762 4021 legationes
785 3951 928 4007 delinitum
945 3959 1053 4025 tempus
1070 3952 1132 4023 lege
1149 3951 1222 4006 Iulis
1243 3970 1293 4008 neo
1315 3951 1397 4007 facile

364 4036 429 4092 addi
445 4044 537 4109 potest
642 4039 674 4090 12
692 4043 717 4090 et
736 4039 766 4090 13
784 4036 937 4108 proumsns
945 4041 972 4091 A
1075 4057 1105 4092 rn
1121 4039 1190 4093 urbi
1207 4055 1262 4120 que
1273 4043 1301 4092 A

366 4143 396 4193 13
413 4131 458 4211 lus
473 4144 500 4196 Β
515 4138 560 4194 his
574 4143 603 4194 A
711 4143 741 4193 15
760 4141 796 4194 sd
813 4142 842 4196 Β
858 4115 894 4212 sd
905 4147 933 4196 A
1037 4142 1173 4214 parebunt
1189 4143 1333 4197 deteriores
1350 4160 1396 4214 ps·

362 4243 461 4298 rebant
478 4245 506 4298 B
523 4235 661 4315 parebant
676 4247 705 4298 A
811 4247 842 4299 16
860 4245 945 4300 urbes
961 4247 989 4298 A
1092 4238 1157 4299 dorii
1174 4263 1211 4299 us
1229 4246 1262 4312 (t.
1277 4264 1298 4300 s.
1311 4245 1394 4299 domu
