3250 4974
387 438 459 481 Xxss
684 428 846 468 PRAEFATIO
864 428 963 468 NOVAE
980 426 1127 468 numurus

385 590 504 654 nifesto
533 587 701 672 refragari,
726 609 833 670 neque
857 588 976 651 desunt
1004 587 1167 671 exempla,
1193 588 1311 670 quibus
1334 611 1416 672 quae

385 733 463 774 uera
489 721 566 774 sunt
589 719 621 772 et
642 708 810 792 primitiua
835 708 871 770 in
894 709 995 773 altero
1018 718 1091 772 utro
1113 707 1271 772 Vossiano
1300 710 1418 774 omissa

386 842 419 895 et
440 853 538 915 supra
561 850 692 893 uersum
716 829 842 892 adiecta
863 840 941 893 sunt
962 829 1012 910 (cf.
1027 851 1058 913 p.
1080 836 1147 909 132,
1168 839 1235 894 bet
1254 852 1285 914 p.
1304 837 1353 909 26,
1375 833 1415 914 t).

473 950 558 1015 Satis
580 949 699 1013 dixisse
722 949 836 1013 uideor
858 950 898 1012 de
922 948 1032 1013 codice
1052 950 1243 1030 Heinsiano,
1269 952 1417 1033 quando·
1488 1011 1491 1016 .

386 1073 519 1156 quidem
539 1071 729 1134 uniuersam
751 1070 929 1154 scripturae
953 1070 1212 1154 discrepantiam,
1238 1093 1337 1155 quam
1359 1073 1417 1135 ad-

385 1193 509 1257 notatio
533 1192 690 1276 digestam
713 1202 810 1269 tenet,
837 1213 1009 1275 congerere
1035 1191 1071 1254 in
1092 1191 1328 1275 praefationem
1351 1216 1418 1257 non

385 1335 533 1398 possum;
558 1335 691 1396 remque
714 1335 752 1375 eo
774 1312 846 1375 loco
870 1333 937 1374 esse
960 1312 1011 1375 aio
1034 1334 1098 1395 quo
1120 1333 1147 1374 a.
1164 1333 1344 1376 unoconxx
1358 1336 1418 1398 po-

386 1457 515 1499 sueram
537 1455 674 1516 raroque
703 1432 783 1495 alias
811 1442 879 1494 tarn
907 1431 1024 1495 leuiter
1046 1442 1178 1515 tamque
1201 1456 1353 1517 peruerse
1382 1435 1418 1498 in

385 1577 483 1618 causa
505 1554 677 1618 manifesta
700 1553 900 1636 minimeque
923 1552 1076 1637 ambigua
1098 1552 1280 1618 iudicatum
1303 1578 1380 1620 esse.

448 1678 582 1739 Praeter
603 1675 832 1739 Heinsianumr
847 1674 917 1737 uidi
942 1684 1113 1757 totumque
1142 1676 1268 1738 contuli
1297 1676 1417 1740 librum

385 1797 618 1861 Monacensem
641 1796 698 1878 qui
720 1795 825 1860 estin
847 1795 1045 1859 bibliotheca
1067 1795 1290 1860 uniuersitatis
1305 1821 1337 1860 n.
1356 1805 1416 1862 528

386 1919 544 2004 signatus3
569 1918 609 1980 de
632 1940 696 2000 quo
718 1916 802 1980 libro
824 1939 978 2001 magnam
1004 1938 1094 1999 spem
1121 1917 1242 1980 fecerat
1263 1920 1418 1984 Halmius

386 2040 519 2103 cumin
542 2037 743 2123 praefatione
766 2036 921 2100 scriberet
942 2059 976 2100 se
996 2037 1114 2117 dolere,
1139 2039 1227 2121 quod
1248 2039 1339 2104 hunc
1363 2063 1417 2105 co-

386 2160 492 2224 dicem
514 2161 644 2222 saeculo
667 2158 841 2222 undecimo
863 2157 967 2221 nitide
989 2158 1148 2241 scriptum
1162 2158 1314 2244 idemque
1331 2163 1419 2245 quod

385 2281 536 2346 Vossiani
551 2302 668 2365 corpus
684 2279 879 2363 scriptorum
894 2278 1123 2342 Tullianorum
1145 2281 1417 2364 complectentem

386 2403 534 2466 absoluta
561 2402 694 2465 demum
719 2423 778 2464 sua
802 2400 944 2464 editione
971 2399 1159 2464 inuenisset.
1194 2402 1251 2464 sed
1272 2402 1418 2467 codicem

386 2545 405 2585 a
426 2523 665 2607 praefectorum
686 2521 904 2586 bibliothecae
926 2520 1119 2585 liberalitate
1135 2533 1306 2606 acceptum
1328 2534 1417 2608 post-

387 2667 486 2727 quam
501 2643 688 2708 examinare
700 2642 801 2726 coepi,
815 2641 966 2705 intellexi
978 2641 1183 2707 exVossiano
1198 2644 1319 2708 maiore
1336 2645 1417 2708 duc-

386 2775 458 2828 tum
481 2786 549 2828 esse
572 2786 679 2847 neque
702 2766 738 2826 in
761 2763 989 2827 constituenda
1003 2764 1160 2829 memoria
1175 2786 1234 2828 nos
1250 2765 1414 2845 adiuuare,

385 2886 443 2950 sed
465 2885 641 2949 utilitatem
663 2883 733 2947 eius
755 2893 885 2948 tantum
908 2907 945 2948 eo
972 2894 1119 2949 constare
1142 2886 1230 2968 quod
1257 2887 1418 2950 nonnulla

386 3007 506 3071 menda
517 3006 620 3069 tribus
635 3005 701 3068 illis
717 3006 853 3069 testibus
865 3006 1053 3070 eommunia
1064 3016 1151 3070 recte
1164 3017 1315 3092 exempta
1326 3016 1415 3070 sunt:

386 3149 486 3211 quare
511 3126 625 3211 paucis
654 3126 735 3191 locis
762 3127 935 3190 emendata
962 3127 1151 3190 deteriorum
1173 3129 1228 3191 uel
1251 3127 1418 3191 editionum

384 3249 455 3312 loco
478 3247 678 3312 Monacensis
700 3246 834 3311 nomine
857 3247 994 3332 signaui.
1024 3269 1086 3312 nec
1102 3248 1240 3312 dubium
1262 3259 1318 3328 est,
1337 3249 1418 3332 quin

385 3369 628 3432 emendationes
646 3369 883 3453 propemodum
898 3390 1011 3432 omnes
1027 3391 1167 3452 quarum
1188 3380 1336 3434 auctores
1359 3392 1418 3433 ne-

385 3489 506 3553 scimus
521 3510 665 3572 quasque
688 3511 756 3552 non
778 3499 924 3573 poteram
946 3489 1011 3553 nisi
1034 3489 1188 3554 uniuersa
1204 3491 1418 3554 deterioribus

385 3610 552 3688 ascribere,
578 3632 634 3674 eae
658 3631 787 3693 quoque
810 3632 893 3692 quae
914 3633 955 3673 ex
975 3610 1114 3674 uetustis
1129 3611 1328 3675 editionibus
1343 3633 1418 3696 pro-

384 3740 554 3816 pagantur,
580 3731 622 3794 ad
643 3752 765 3814 paucos
786 3731 943 3814 quondam
963 3731 1091 3796 codices
1113 3732 1261 3796 reuocari
1282 3732 1415 3816 possint,

385 3851 413 3915 si
440 3863 507 3916 tarn
535 3852 625 3916 utilis
652 3861 735 3916 esset
757 3872 855 3934 opera
870 3873 969 3934 quarn
992 3864 1040 3916 ert
1063 3862 1150 3917 certe
1172 3851 1339 3937 negotiosa
1366 3852 1417 3936 (cf.

383 3972 482 4057 praef.
506 3996 537 4058 p.
553 3975 612 4058 Ν).

447 4095 499 4157 De
523 4093 751 4157 emendatione
777 4114 884 4176 pauca
907 4093 1047 4157 dicenda
1075 4105 1161 4158 sunt.
1191 4095 1301 4178 qualia
1329 4093 1418 4158 enim

384 4213 463 4276 olim
479 4215 580 4277 uerba
592 4213 760 4278 Ciceronis
774 4213 840 4276 fide
855 4214 988 4277 testium
1003 4215 1116 4279 sedulo
1134 4217 1292 4294 consulta,
1307 4236 1418 4280 emen-
