3250 4974
599 1723 920 1806 PRAEFATIO

304 2034 506 2119 Emendatio
530 2056 689 2120 librorum
716 2056 756 2120 de
778 2057 904 2141 legibus
931 2057 995 2120 fide
1024 2057 1164 2121 duorum
1187 2058 1278 2122 codi-

244 2197 321 2238 cum
340 2175 574 2240 Vossianorum
596 2175 721 2255 nititur,
748 2198 888 2259 quorum
911 2177 967 2259 qui
990 2187 1095 2240 aetate
1117 2175 1208 2260 prior
1230 2188 1279 2240 est

244 2297 295 2376 (84
309 2297 397 2377 ΞΑ)
430 2297 469 2359 ab
504 2317 617 2359 earum
650 2317 760 2360 rerum
792 2296 905 2380 peritis
938 2296 1112 2359 undecimo
1146 2297 1277 2360 saeculo

243 2415 383 2500 scriptus
405 2415 533 2493 dicitur,
559 2417 641 2479 alter
657 2418 801 2498 (86:13)
819 2415 1021 2479 duodecimo.
1054 2436 1107 2479 eos
1121 2415 1221 2479 libros
1236 2416 1278 2478 li-

242 2534 412 2599 beralitate
430 2535 578 2598 uirorum
593 2521 961 2619 praestantissimorum,
985 2536 1042 2619 qui
1059 2535 1277 2600 bibliothecae

243 2655 467 2719 uniuersitatis
489 2655 660 2719 Leidensis
680 2667 850 2739 praesunt,
881 2656 947 2718 huc
975 2656 1179 2719 transmissos
1204 2668 1279 2740 post

242 2776 386 2838 Balrium
406 2775 644 2859 Halmiumque
668 2776 776 2840 denuo
800 2776 928 2840 excussi
950 2776 1202 2860 testimoniaque
1222 2800 1277 2841 eo-

244 2918 320 2959 rum
333 2896 432 2980 plene
457 2905 489 2959 et
510 2895 685 2980 diligenter
703 2896 847 2980 exposui.
873 2917 1012 2979 quorum
1024 2895 1183 2959 librorum
1201 2919 1277 2960 cum

243 3016 458 3080 recentiorem
479 3037 547 3079 non
570 3037 639 3080 csse
662 3038 703 3080 ex
718 3016 819 3079 altero
836 3016 1036 3100 descriptum
1052 3026 1140 3079 certa
1153 3016 1278 3080 indicia

244 3137 408 3215 euincant,
433 3145 505 3199 tum
528 3158 569 3199 ex
592 3136 706 3199 eodem
728 3135 819 3198 fonte
842 3137 953 3198 ambos
976 3157 1124 3199 manasse
1138 3136 1278 3221 insignis

183 3343 184 3346 Ἴ
244 3278 358 3320 eorum
389 3255 426 3319 in
459 3255 610 3319 maximis
643 3255 853 3339 minimisque
881 3255 1063 3318 similitudo
1091 3257 1275 3339 persuadet.

243 3376 300 3440 sed
322 3386 459 3459 uterque
483 3376 586 3439 codex
607 3397 705 3438 suum
732 3387 885 3460 expertus
914 3386 963 3439 est
989 3373 1213 3440 correctorem.
1258 3400 1279 3440 a

243 3496 362 3579 quibus
385 3517 468 3579 quae
483 3496 629 3579 profecta
652 3507 737 3575 sunt,
763 3497 843 3560 adeo
865 3496 952 3559 inter
967 3518 1001 3560 se
1017 3496 1214 3579 conspirant,
1240 3509 1278 3560 ut

243 3639 282 3680 ea
304 3639 433 3700 quoque
450 3616 587 3679 eandem
602 3638 679 3700 prae
695 3638 729 3680 se
744 3616 829 3680 ferre
844 3615 1004 3700 originem
1020 3615 1205 3680 uideantur.
1244 3628 1277 3681 et

242 3737 440 3801 Vossianum
461 3739 491 3800 A
514 3736 647 3819 quidem
669 3736 727 3819 qui
748 3737 963 3820 perpurgauit
990 3735 1100 3800 nescio
1123 3759 1188 3819 quo
1211 3737 1278 3800 ele-

242 3857 371 3941 gantiae
393 3856 502 3920 studio
518 3857 637 3920 ductus
658 3856 801 3919 radendo
817 3855 885 3919 fere
899 3856 1086 3940 primitiuas
1101 3856 1277 3941 scripturas

242 3977 366 4040 deleuit
389 3988 422 4040 et
453 3977 511 4040 ubi
539 3977 594 4040 uel
619 3976 747 4040 litterae
775 3976 962 4060 syllabaeue
990 3977 1190 4040 correctione
1221 3976 1278 4040 de-

241 4096 337 4181 fungi
357 4109 474 4180 posset,
500 4120 596 4182 saepe
619 4108 687 4161 tota
709 4097 871 4160 uocabula
892 4096 1022 4160 abrasit.
1056 4097 1277 4160 uerecundius

244 4217 379 4280 alterius
403 4217 479 4280 libri
494 4228 655 4281 corrector
677 4238 811 4301 operam
831 4217 868 4280 in
884 4237 921 4280 ea
936 4239 970 4280 re
988 4216 1135 4300 sumpsit,
1159 4217 1276 4299 inquo
