3252 4964
635 429 671 470 m
688 419 713 481 5,
736 418 847 469 12-13
1200 423 1258 483 175

226 589 349 653 iuribus
376 588 509 666 nostris,
534 588 619 651 nihil
646 589 749 653 habui
777 611 870 666 sane,
892 611 959 653 non
986 591 1146 670 multum,
1172 591 1260 675 quod

225 702 376 777 putarem
398 692 592 755 nouandum
612 691 648 754 in
671 691 807 776 legibus.

178 801 215 856 13
290 797 444 859 Arrrcvs.
474 795 611 859 Reddes·
626 794 728 878 igitur
750 795 858 872 nobis,
881 806 919 858 ut
940 795 976 858 in
998 796 1164 882 religionis
1187 796 1258 882 lege

226 899 333 963 fecisti
359 898 530 962 admonitu
557 909 590 962 et
617 908 733 982 rogatu
760 920 848 974 meo,
874 898 920 961 sic
943 899 983 962 de
1006 900 1256 984 magistratibus,

227 1012 265 1066 ut
287 1002 446 1086 disputes,
471 1000 590 1085 quibus
613 1001 653 1064 de
677 1000 782 1065 causis
804 1001 947 1068 maxime
968 1002 1097 1085 placeat
1118 1003 1181 1066 ista
1203 1003 1260 1066 de·
1289 1017 1301 1055 ⁵

227 1105 368 1189 scriptio.

290 1209 442 1272 Mascvs.
473 1207 614 1286 Faciam,
631 1206 749 1284 Attice,
768 1216 806 1270 ut
827 1207 886 1284 uis,
908 1217 942 1271 et
963 1209 1073 1271 locum
1095 1209 1195 1272 istum
1210 1219 1260 1273 to-

226 1322 313 1389 tum,
338 1321 377 1374 ut
398 1333 417 1372 a
439 1309 633 1374 doctissimis
657 1309 816 1376 Graeciae
841 1312 1026 1392 quaesitum
1053 1323 1086 1375 et
1113 1312 1261 1396 disputa-

227 1425 300 1478 tum
322 1423 378 1493 est,
403 1413 574 1497 explicabo
594 1423 634 1491 et,
653 1423 691 1476 ut
709 1411 847 1489 institui,
864 1423 974 1476 nostra
996 1415 1069 1478 iura
1091 1415 1259 1501 attingam.

290 1519 444 1582 Arrrcvs.
474 1517 568 1580 Istud
590 1516 732 1579 maxime
755 1525 892 1600 expecto
915 1515 1095 1581 disserendi
1117 1541 1230 1604 genus
1280 1535 1304 1574 10

290 1622 442 1685 Mascvs.
473 1619 576 1703 Atqui
603 1619 760 1704 pleraque
787 1629 864 1682 sunt
894 1619 981 1683 dicta
1007 1620 1044 1683 in
1070 1621 1136 1685 illis
1157 1621 1258 1700 libris,

228 1725 315 1808 quod
337 1723 527 1787 faciendum
541 1722 613 1801 fuit,
636 1745 713 1786 cum
735 1722 775 1785 de
798 1732 934 1806 optuma
955 1745 989 1786 re
1011 1723 1145 1808 publica
1161 1746 1262 1808 quae-

227 1838 367 1905 reretu13
397 1827 455 1891 sed
481 1826 581 1889 huius
607 1825 734 1889 locide
757 1825 1000 1910 magistratibus
1025 1837 1104 1891 sunt
1129 1827 1262 1911 propria

228 1931 396 2014 quaedam,
414 1951 433 1992 a
448 1929 672 2013 Theophrasto
689 1927 841 2012 primum,
860 1929 979 1993 deinde
995 1928 1136 1994 aDione
1153 1931 1262 1995 Stoico

228 2032 374 2116 quaesita
396 2031 557 2096 subtilius.
1280 2050 1304 2090 ιι

227 2306 328 2371 siaaus,
343 2307 392 2377 qai
402 2306 484 2360 codes
495 2305 524 2358 ia
535 2323 596 2360 uoce
607 2303 694 2360 mahil
700 2325 733 2377 p.
750 2308 808 2371 175,
825 2307 836 2357 1
851 2306 942 2376 deficit
972 2293 975 2299 ¹
1046 2308 1059 2357 1
1072 2308 1195 2376 sortasse
1207 2324 1263 2360 non

227 2390 340 2463 paulum
353 2396 470 2463 propter
483 2393 541 2458 174,
558 2393 581 2456 1;
597 2398 645 2446 aut
661 2409 717 2445 non
734 2390 852 2446 multum
860 2392 1021 2466 Maduiyius
1032 2410 1088 2446 non
1099 2392 1181 2447 modo
1193 2391 1263 2446 mul-

226 2484 286 2532 tum
308 2478 468 2538 deteriores,-
492 2480 587 2548 [praue
611 2495 677 2532 sane
698 2482 746 2534 aut
769 2483 888 2532 mouetur
911 2483 958 2532 aut
981 2477 1085 2532 anihil
1106 2478 1263 2548 euerritur]

335 2563 410 2634 quod
429 2567 454 2634 (q
471 2582 485 2616 o
502 2555 572 2627 corr)
591 2566 620 2616 A
729 2567 745 2616 4
763 2567 898 2634 rogarueo
917 2568 945 2620 B
1054 2565 1069 2615 5
1089 2561 1208 2634 disparis
1222 2565 1259 2628 B,

228 2667 288 2704 corr
305 2647 335 2702 es
349 2651 378 2702 A
481 2656 514 2704 ut
531 2649 657 2721 disputes
669 2650 772 2704 Restio
784 2651 950 2721 Halmioque
966 2650 1054 2723 qlossa
1070 2651 1130 2704 uisa
1148 2655 1198 2714 est,
1220 2650 1261 2703 ia·

228 2736 353 2806 absitque
370 2736 514 2796 Baiteruos
532 2737 579 2789 sed
595 2737 631 2790 iis
649 2736 741 2790 detitis
757 2737 806 2790 uie
821 2737 917 2792 metior
924 2739 965 2808 fit
983 2743 1031 2792 aut
1047 2737 1185 2791 uenustior
1197 2754 1261 2790 ora-

228 2821 283 2874 tio.-
294 2822 403 2876 debebat
415 2823 485 2876 eairu
496 2821 595 2876 reddes
613 2822 693 2876 nobis
711 2840 816 2887 causas,
832 2822 932 2892 quibus
950 2824 1067 2877 maxime
1083 2821 1192 2893 placeat
1207 2821 1261 2875 ista
1377 2865 1380 2870 .

228 2906 390 2980 descriptio;
406 2907 593 2963 atiaterieetis
605 2907 706 2963 illiont
721 2907 751 2961 in
768 2907 911 2978 religionis
928 2908 991 2979 lege
1008 2908 1101 2963 fecisti
1118 2907 1259 2962 contiuua-

226 2994 268 3045 ait
279 2995 427 3049 orationem
439 2994 519 3066 quasi
527 2999 590 3048 aute
600 3013 656 3049 uon
667 2992 766 3047 reddes
778 2994 859 3048 nobis
870 2996 917 3049 sed
928 2994 1013 3049 facies
1026 2993 1170 3064 posuisset,
1185 3010 1260 3063 quoru

227 3079 386 3134 admodum
403 3081 484 3134 etiam
502 3081 616 3134 Marcus
633 3098 688 3134 noa
704 3079 818 3133 reddam
835 3081 881 3134 sed
898 3081 997 3135 faciam
1014 3080 1167 3149 respondet,
1190 3080 1260 3148 quod

226 3165 284 3219 iltis
295 3166 409 3220 sublatis
420 3167 508 3220 minsas
520 3171 614 3236 aptam
624 3165 732 3220 uidetur
832 3184 966 3251 maximae
977 3168 1006 3220 B
1017 3181 1134 3247 maxime
1145 3165 1174 3216 A

226 3267 462 3324 soddosussrmrl
470 3271 499 3324 B
516 3266 717 3323 asdocnshmrl
724 3271 752 3322 A
858 3268 1031 3338 11adqu113
1134 3268 1166 3319 12
1184 3267 1259 3336 quod

225 3353 382 3408 laciendum
401 3353 456 3408 fuit
477 3357 595 3409 Gruter-o
612 3360 719 3409 auctore
743 3355 853 3410 inclusit
871 3354 1015 3417 Eudorus,
1035 3354 1082 3407 seat
1099 3353 1133 3408 iis
1150 3353 1258 3407 resectis

221 3441 341 3511 pendeat
359 3441 489 3512 proxima
512 3457 574 3494 eum
592 3440 625 3494 de
644 3447 756 3511 optuma
773 3458 804 3495 re
821 3458 849 3512 p.
869 3445 1059 3510 quaereretur,
1080 3443 1106 3492 et
1126 3441 1259 3492 Gruterus

225 3527 330 3596 quidem
348 3527 429 3581 etiam
446 3527 495 3580 itta
513 3526 543 3579 in
560 3524 616 3579 illis
632 3524 713 3581 libris
731 3527 878 3589 abiecerat;
897 3529 988 3596 [nequo
1006 3525 1139 3594 aptiorem
1156 3524 1258 3579 oratio-

224 3629 285 3666 nem
308 3617 356 3665 aut
378 3613 536 3666 seutentiam
559 3612 648 3684 effecit
667 3613 823 3667 Husehkius
846 3613 1044 3682 transponendo
1070 3611 1158 3664 dicta:
1183 3609 1258 3681 quod

223 3696 381 3751 laciendum
403 3697 459 3751 tuit
480 3699 509 3751 in
532 3696 589 3752 illis
609 3697 704 3763 libris,
724 3699 799 3763 eum]
927 3698 1087 3767 querertnn
1103 3700 1131 3750 A

225 3784 257 3835 13
276 3782 310 3835 de
327 3782 535 3853 magistratibus
547 3803 607 3837 crem
620 3784 733 3838 Halmio
746 3785 815 3838 delet
826 3785 963 3850 Baiterus,
978 3788 1003 3837 et
1015 3787 1103 3838 tamea
1121 3786 1183 3853 apte
1195 3787 1258 3852 post

223 3867 273 3921 itta
292 3885 354 3922 cum
371 3868 405 3922 de
418 3876 530 3940 optuma
547 3887 578 3923 re
595 3887 622 3941 p.
637 3876 815 3938 quaereretur
833 3869 900 3922 addi
915 3870 1032 3936 uidetur,
1051 3873 1077 3923 et
1093 3867 1119 3922 si
1134 3872 1257 3922 estmero

223 3955 398 4021 abundantia,
416 3974 449 4008 ue
465 3956 529 4008 taes
548 3955 655 4024 quidem
673 3955 850 4009 intolerabilis
867 3959 916 4009 aut
932 3955 1089 4027 siupularie,
1113 3956 1209 4025 causer
1225 3953 1258 4006 do

222 4044 367 4106 oratorel,
383 4043 424 4106 15,
439 4042 482 4094 68.
497 4042 530 4093 69
637 4043 668 4092 14
686 4040 793 4110 quaeda
805 4044 919 4112 praeter
936 4057 972 4110 qu
991 4041 1020 4094 iu
1038 4057 1138 4094 rasura
1148 4041 1176 4092 A

221 4123 419 4196 theopherasto
433 4129 461 4179 A
478 4126 555 4194 rholo
573 4124 684 4197 praesto
698 4127 725 4180 B
823 4124 993 4181 dronssrorco
1005 4128 1033 4179 A
1130 4121 1257 4194 Diogene

226 4212 364 4266 Turnebus
470 4214 501 4265 15
520 4211 629 4292 quqlrrs
650 4216 694 4281 (qu
712 4211 741 4265 iu
759 4217 861 4276 reuera)
875 4214 904 4264 A
1008 4208 1157 4265 subrutus
1165 4212 1194 4263 A
1208 4210 1257 4276 (ai-
