3252 4964
688 427 711 467 11
730 417 771 479 27,
787 417 819 466 cs
1209 419 1270 480 159

233 587 468 652 inmortalitate
484 587 670 652 animorum
684 597 717 650 et
732 587 858 671 reliqua
869 599 943 673 post
954 597 1094 652 mortem
1109 588 1271 670 tranquil-

233 691 326 756 litate
348 692 518 768 bonorum,
542 690 657 774 poenis
680 690 864 775 impiorum.

351 931 446 986 eadem
463 929 526 984 ills:
543 925 624 1000 ‘quae
642 930 722 982 eiiam
741 933 769 982 in
789 930 933 984 Phaedone
951 935 976 982 et
993 929 1058 984 aliis
1079 929 1144 984 iscis
1163 929 1271 983 disserit

235 1013 344 1071 multis.³
369 1018 414 1070 Sic
434 1016 573 1070 Turnebus
590 1015 718 1086 explicui,
738 1017 817 1084 ίοπρο
834 1017 882 1070 iiie
898 1015 1006 1085 quidem
1020 1016 1179 1085 prudentius
1196 1015 1268 1079 aliis,

235 1121 328 1156 uerum
339 1121 393 1156 αοα
401 1107 517 1172 possunt
528 1102 594 1156 haec
605 1103 641 1156 αά
651 1101 721 1154 ulios
731 1102 853 1155 Platonis
865 1102 949 1156 libros
961 1102 1071 1173 referri,
1083 1102 1129 1157 sed
1139 1101 1179 1154 sic
1189 1102 1272 1155 iuter-

231 1195 343 1258 pretor:
357 1187 451 1242 eadem
462 1187 511 1243 illu
523 1207 591 1258 quae
602 1207 652 1242 uos
663 1193 741 1242 autea
752 1188 930 1258 exposuimus,
945 1194 976 1240 ut
987 1190 1024 1242 αά
1033 1190 1102 1254 fam.
1113 1189 1137 1252 1,
1147 1190 1171 1251 9,
1185 1189 1215 1240 18
1230 1187 1272 1240 iu·

235 1274 284 1328 bet
300 1273 374 1328 idem
389 1273 436 1327 ille
447 1272 536 1338 Plau,
550 1275 578 1327 λ.
592 1292 614 1327 α.
629 1291 706 1342 quem
718 1279 797 1328 antec
810 1276 841 1326 12
854 1274 975 1326 laudaui.
990 1279 1118 1327 tractasse
1129 1279 1214 1327 auem
1229 1273 1272 1327 Ci-

237 1378 354 1414 ceronem
365 1361 414 1413 ίιαα
425 1378 466 1413 res
478 1360 508 1413 iu
520 1379 552 1413 ea
559 1365 652 1430 purte,
668 1379 734 1430 quac
745 1361 770 1424 2,
784 1361 825 1424 21,
838 1361 872 1410 54
883 1378 913 1428 ρ,
926 1361 975 1411 139
982 1359 1079 1430 periit,
1094 1360 1121 1412 Ιι.
1136 1378 1157 1412 e.
1171 1359 1272 1429 inipso

236 1446 317 1499 initio
337 1445 526 1515 disputationis
543 1447 576 1499 de
594 1451 711 1500 curcua
729 1447 786 1516 ίομα
803 1445 953 1516 νοίὶρέοιιέσ,
967 1464 1034 1515 quac
1051 1449 1090 1499 est
1107 1446 1140 1499 de
1159 1446 1202 1499 dis
1212 1464 1271 1498 mc-

236 1532 325 1598 πιῦασ,
339 1532 486 1602 funeribus
503 1535 529 1584 et
546 1532 687 1603 sepulcris,
702 1532 739 1585 αά
755 1550 814 1585 eum
832 1533 920 1586 locum
932 1531 1053 1601 probare
1070 1532 1171 1585 studui.
1184 1531 1271 1585 inter-

233 1618 384 1688 polationis
401 1617 503 1672 iudicia
520 1618 597 1671 uuila
609 1623 670 1672 suut
681 1635 763 1688 neque
774 1636 837 1671 uere
850 1616 1009 1670 recensionis
1022 1635 1039 1668 α
1050 1617 1137 1670 nescio
1150 1636 1201 1687 que
1213 1617 1273 1671 edi-

237 1728 295 1775 tore
312 1722 405 1775 horum
422 1721 550 1775 librorum
570 1721 720 1791 antiquitus
730 1724 829 1791 fectae
934 1722 945 1771 l
967 1709 1171 1774 mmortehtasi
1185 1724 1213 1772 A
1231 1738 1272 1772 m-

238 1805 442 1861 mortshsstem
458 1809 495 1861 Η
508 1805 722 1860 ιτωωοττολιτπτῦ
740 1808 767 1859 Β
887 1823 1039 1859 ammarum
1056 1806 1092 1860 H
1194 1804 1273 1859 'reh-

238 1896 293 1981 quit
309 1913 338 1963 A
439 1908 649 1978 sranqmllitati
664 1911 730 1963 ΑΗ
742 1906 939 1978 πααηπιλιτοτέ
952 1909 981 1961 Β
1084 1911 1099 1961 2
1118 1906 1196 1979 ρειαί
1212 1909 1284 1964 ΒΗ·

239 1993 336 2067 poenis
351 2012 411 2049 corr
428 1994 458 2046 in
475 1993 580 2064 poenas
588 1998 616 2048 A
706 1995 1013 2066 PlatoLe9.12,95⁸d
1030 1995 1088 2065 περὶ
1104 1995 1274 2065 τελευτήσαν-

237 2099 284 2141 τας
302 2081 344 2150 δή,
364 2079 416 2133 εἴτε
433 2099 473 2139 τις
490 2079 570 2152 ἄρρην
590 2081 643 2134 εἴτε
659 2099 697 2140 τις
715 2080 798 2152 θῆλυς
816 2073 843 2155 η,
862 2081 894 2133 τά
912 2081 959 2150 μὲν
977 2079 1084 2152 περὶτὰ
1101 2077 1160 2132 θεῖα
1177 2080 1274 2150 νόμιμα

238 2175 289 2220 τῶν
306 2185 335 2219 τε
353 2164 400 2218 ύπὸ
418 2171 468 2238 γῆς
484 2165 552 2220 θεῶν
570 2168 682 2221 καὶτῶν
700 2167 773 2239 siffis,
794 2166 842 2219 ὅσα
858 2166 982 2237 προσήκει
993 2164 1131 2230 τελεῖσθαι,
1145 2165 1205 2225 τοὺς
1218 2166 1275 2235 ἐξη-

238 2252 319 2324 γητάς
336 2250 465 2324 γίγνεσθαι
481 2252 585 2324 κυρίους
604 2253 762 2325 φράζοντας·
785 2250 870 2322 θήκας
888 2247 911 2303 δ’
932 2249 996 2305 εἶναι
1013 2260 1064 2304 τῶν
1081 2251 1193 2323 χωρίων,
1215 2250 1275 2304 όπό·

241 2356 272 2391 σιτ
289 2339 336 2408 μέν
354 2329 492 2409 έρηάσιμα,
513 2339 650 2409 μηδαμοῦ,
672 2339 738 2408 μήτε
755 2357 779 2391 τι
798 2338 864 2411 μέγα
882 2337 948 2407 μήτε
966 2355 989 2388 τι
1008 2338 1113 2410 σμικρὸν
1133 2343 1236 2408 μνῆμα,
1258 2336 1274 2389 ά

240 2425 268 2478 όὲ
284 2423 302 2493 ἡ
321 2427 395 2498 χώρα
412 2425 476 2494 πρός
493 2423 560 2478 τοῦτ’
578 2424 640 2478 αύτὸ
659 2424 736 2494 μόνον
755 2423 828 2497 φύσιν
847 2423 919 2498 έχει,
937 2422 970 2476 τοὶ
986 2431 1037 2476 τῶν
1055 2422 1274 2494 τετελευτηκότων

240 2513 346 2579 σώματα
364 2503 477 2579 μάλιστα
499 2509 639 2581 ἀλυπήτως
660 2516 715 2569 τοῖς
740 2509 804 2572 ζῶσι
828 2509 956 2584 δεχομένη
979 2509 1113 2579 κρύπτειν,
1132 2515 1213 2562 ταῦτα
1231 2511 1274 2563 έκ-

240 2595 364 2667 πληροῦν,
385 2599 440 2653 τοῖς
459 2594 487 2646 δὲ
504 2594 651 2667 ἀνθρώποις
668 2595 717 2648 ὅσα
733 2597 830 2668 τροφήν
850 2596 936 2667 μήτηρ
954 2593 1018 2648 ούσα
1034 2595 1052 2664 ἠ
1070 2602 1103 2666 γη
1122 2596 1186 2666 πρὸς
1196 2601 1276 2648 ταῦτα

240 2681 339 2752 πέφυκε
361 2676 499 2750 βούλεσθαι
522 2682 615 2754 φέρειν,
642 2682 707 2752 μήτε
725 2681 775 2744 ζῶν
794 2682 859 2753 μήτε
880 2701 918 2740 τις
939 2680 1076 2736 ἀποθανὼν
1095 2681 1214 2754 στερείτω
1232 2683 1275 2736 τόν

241 2763 321 2828 ζῶνθ’
339 2764 425 2835 ήμῶν.
451 2773 532 2838 χῶμα
555 2766 584 2819 ii
608 2767 645 2836 μή
669 2772 732 2840 χοῦν
756 2767 914 2838 ὑψηλότερον
932 2767 1008 2821 πέντε
1032 2767 1132 2840 ἀνδρῶν
1157 2768 1229 2842 ἔργον
1249 2768 1275 2822 έν

239 2851 311 2908 πένθ’
327 2851 438 2922 ἡμέραις
455 2851 669 2921 ἀποτελούμενον,
690 2852 776 2908 λίθινα
793 2853 822 2906 όὲ
839 2853 998 2925 ἐπιστήματα
1016 2857 1052 2926 μή
1073 2854 1151 2923 μείζω
1164 2853 1275 2925 ποιεῐνῆ

242 2938 289 2992 όσα
312 2935 433 3011 όέχεσθαι
455 2945 506 2989 τῶν
523 2942 569 2990 τοῦ
586 2937 798 3010 τετελευτηκότος
820 2939 935 3012 ἐγκώμια
954 2940 1009 3010 βίου
1028 2941 1065 3010 μὴ
1084 2940 1166 2994 πλείω
1183 2936 1277 2993 τεττά-

242 3043 293 3095 ρων
311 3022 432 3095 ἡρωϊκων
451 3024 545 3098 στίχων
558 3023 769 3079 ....τείθεσθαι
792 3023 813 3077 δ’
830 3024 883 3079 έστί
899 3028 936 3098 τῷ
950 3024 1079 3100 νομοθέτη
1097 3029 1181 3100 χρεών
1198 3026 1231 3079 τά
1247 3044 1275 3078 τε

243 3107 312 3164 ἀλλα
328 3109 373 3163 καὶ
390 3109 488 3181 λέγοντι
512 3111 599 3183 ψυχήν
618 3114 738 3181 σώματος
760 3109 825 3164 είναι
845 3112 874 3165 τὸ
892 3117 942 3164 πᾶν
961 3112 1144 3184 διαφέρουσαν,
1164 3113 1191 3166 έν
1210 3111 1281 3180 αύτῷ

241 3214 269 3249 τε
285 3198 323 3267 τῷ
335 3194 384 3265 βίῳ
401 3196 431 3248 τὸ
449 3196 624 3268 παρεχόμενον
642 3196 719 3266 ἡμῶν
737 3193 844 3250 ἕκαστον
861 3193 926 3250 τοῦτ’
946 3197 1012 3251 εἶναι
1031 3198 1111 3268 μηδὲν
1129 3194 1215 3266 ἀλλ’ἢ
1229 3197 1275 3267 τήν

242 3283 338 3356 ψυχήν,
358 3282 387 3334 τό
407 3281 435 3333 δέ
453 3289 527 3352 σῶμα
545 3281 726 3351 ίνόπλλόμενον
744 3282 819 3353 ἡμῶν
832 3279 949 3342 ἑκάστοις
968 3281 1082 3346 ἕπεσθαι,
1096 3283 1142 3336 καὶ
1158 3281 1278 3352 τελευτη-

243 3362 343 3422 σάντων
361 3366 480 3440 λέγεσθαι
497 3367 584 3427 καλῶς
602 3367 700 3421 εἴδωλα
721 3367 786 3422 εἶναι
806 3370 839 3422 τὰ
859 3377 910 3422 τῶν
928 3376 1025 3440 νεκρῶν
1045 3371 1166 3438 σώματα,
1185 3368 1230 3420 τὸν
1248 3367 1277 3420 δὲ

244 3453 304 3508 όντα
322 3453 398 3524 ήμῶν
417 3452 522 3507 ἕκαστον
540 3451 621 3512 όντως
640 3448 768 3508 ἀθάνατον
786 3454 852 3508 εἶναι
869 3455 956 3527 ψυχὴν
975 3455 1197 3524 ἐπονομαζόμενον
1209 3453 1278 3524 παρὰ

242 3540 318 3600 θεοὺς
335 3539 430 3599 ἄλλους
448 3539 549 3593 ἀπιέναι
567 3539 682 3593 δώσοντα
698 3539 783 3611 λόγον,
803 3538 923 3610 καθάπερ
943 3539 955 3592 ό
973 3540 1053 3609 νόμος
1071 3541 1084 3594 ό
1103 3536 1210 3614 πάτριος
1234 3539 1278 3592 λέ-

243 3644 297 3699 γει,
317 3629 357 3698 τῷ
372 3627 419 3696 μὲν
437 3624 528 3697 ἀγαθῷ
539 3623 691 3697 θαρραλέον,
705 3627 741 3696 τῷ
757 3625 785 3678 δὲ
803 3629 878 3696 κακῷ
893 3625 963 3695 μάλα
981 3626 1099 3697 φοβερόν,
1115 3623 1238 3698 βοήθειάν
1250 3643 1278 3678 τε

244 3712 313 3784 αύτῖρ
325 3713 362 3783 μή
378 3731 435 3765 τινα
450 3711 563 3783 μεγάλην
581 3710 645 3764 εἶναι
661 3711 862 3782 τετελευτηκότι,
883 3713 957 3773 ζῶντι
969 3715 1016 3784 γὰρ
1030 3712 1081 3765 ἔδει
1094 3711 1199 3783 βοηθεῖν
1212 3712 1279 3766 πάν-

244 3818 290 3858 τας
307 3798 366 3858 τοὺς
383 3799 573 3869 προσήκοντας,
595 3796 665 3857 ὅπως
683 3797 722 3850 ότι
740 3798 897 3858 δικαιότατος
915 3799 950 3852 ὢν
968 3799 1013 3852 καὶ
1030 3797 1169 3858 ὁσιώτατος
1187 3798 1232 3868 ἔζη
1250 3815 1278 3849 τε

245 3884 295 3946 ζῶν
312 3884 356 3937 καὶ
378 3882 532 3955 τελευτήσας
556 3884 718 3954 ἀτιμώρητος
742 3883 772 3937 ἂν
789 3893 878 3937 κακῶν
896 3884 1088 3956 ἁμαρτημάτων
1107 3885 1216 3956 ἐγίγνετο
1233 3883 1277 3934 τὸν

246 3970 310 4039 μετὰ
327 3971 371 4023 τὸν
390 3969 482 4024 ένθάδε
500 3969 554 4039 βίον
569 4011 575 4025 .
588 4011 594 4024 .
606 4011 612 4024 .
625 4011 631 4023 .
642 3970 671 4022 τὸ
691 3970 719 4022 δὲ
738 3970 839 4043 μέτριον
851 3970 995 4041 νομοθέτης
1007 3969 1037 4023 ἂν
1051 3971 1217 4041 μαντεύσαιτο
1230 3968 1278 4020 οὐκ

245 4056 472 4128 ἀσχημονέστατα.
485 4056 550 4109 έστω
570 4056 601 4127 δή
619 4056 699 4125 νόμος
717 4055 806 4115 οὗτος·
825 4058 865 4127 τῷ
881 4058 927 4127 μὲν
946 4056 978 4125 δὴ
1000 4062 1045 4110 τοῦ
1064 4056 1182 4128 μεγίστου
1199 4054 1278 4124 τιμή-

245 4161 324 4212 ματος
343 4144 378 4202 είς
395 4143 443 4212 τήν
461 4149 543 4196 πᾶσαν
560 4143 645 4214 ταφήν
663 4141 850 4212 ἀναλισκόμενα
868 4144 905 4214 μὴ
919 4142 996 4196 πλέον
1009 4141 1084 4195 πέντε
1102 4149 1180 4211 μνῶν,
1200 4141 1238 4212 τῷ
1250 4139 1279 4192 ii

243 4232 288 4280 τοῦ
306 4226 425 4298 όευτέρου
444 4234 513 4298 τρεῖς
532 4233 594 4298 μναῖ
611 4228 656 4282 καὶ
673 4228 718 4281 δύο
737 4229 830 4301 τῷτοῦ
848 4229 942 4299 τρίτου,
964 4233 1015 4297 μνοῖ
1032 4227 1060 4280 δὲ
1078 4229 1116 4298 τῷ
1126 4231 1172 4279 τοῦ
1187 4225 1277 4299 τετάρ-
