3260 4968
376 427 436 488 112
782 424 865 488 1113,
886 423 1000 475 32-33

372 607 438 660 atra
460 595 553 679 quasi
575 595 718 659 diuinari
741 595 893 659 uideatur
915 617 1026 679 posse:
1050 595 1112 660 hac
1128 606 1166 659 tu
1181 595 1221 658 de
1237 617 1272 658 re
1287 617 1411 679 quaero

372 699 452 783 quid
474 697 605 762 sentias.
991 779 994 787 J

435 803 587 866 Mencve
617 804 751 888 Egone?
771 801 1018 879 diuinationem,
1036 801 1273 885 quam'Greeci
1288 825 1409 882 μαντι-

372 901 433 992 κήν
455 905 631 990 appellant,
657 927 725 969 esse
748 905 852 968 tentio
876 916 909 968 et
930 903 1029 968 huius
1046 904 1133 968 hanc
1148 904 1254 988 ipsam
1269 915 1405 989 partem,

341 1027 456 1092 equae
479 1019 527 1072 eat
548 1009 584 1072 in
607 1009 724 1072 auibus
747 1008 928 1091 ceterisque
956 1007 1066 1091 signin,
1095 1007 1184 1092 quod
1213 1007 1408 1092 disciplinae

371 1124 509 1176 nostrae.
533 1113 561 1176 si
583 1111 672 1175 enim
694 1111 770 1175 deos
791 1133 859 1176 esse
876 1111 1085 1176 concedimus
1101 1131 1280 1194 eorumque
1296 1121 1407 1175 mente

370 1217 534 1280 mundum
555 1215 625 1300 regi
647 1226 680 1278 et
702 1216 833 1279 eosdem
854 1214 1030 1278 hominum
1052 1212 1221 1287 consulere
1244 1214 1359 1297 generi
1374 1224 1408 1278 et

369 1341 462 1404 posse
478 1320 571 1383 nobis
586 1319 680 1403 signe
695 1340 806 1383 rerum
820 1318 1008 1382 futurarum
1022 1317 1201 1396 ostendere,
1219 1339 1288 1380 non
1309 1317 1408 1381 uideo

371 1445 430 1487 eur
459 1444 527 1486 esse
558 1422 798 1487 diuinationem
828 1444 956 1507 negem.
991 1431 1070 1485 eunt
1097 1431 1209 1484 autem
1239 1443 1290 1499 ea,
1322 1431 1461 1504 quae33

328 1540 354 1581 1⁰
370 1525 479 1610 posui:
510 1548 552 1589 ex
578 1525 697 1609 quibus
724 1525 767 1605 id,
797 1527 885 1609 quod
906 1525 1069 1603 uolumus,
1095 1523 1239 1588 efficitur
1261 1535 1295 1587 et
1317 1523 1408 1608 eogi-

369 1639 433 1692 tur.
464 1628 530 1691 iam
555 1651 634 1692 uero
656 1629 895 1713 permultorum
920 1628 1146 1712 exemplorum
1170 1639 1203 1691 et
1224 1636 1335 1690 nostre
1358 1639 1407 1690 est

372 1923 383 1972 1
396 1919 515 1974 drumart
526 1923 557 1986 (τι
569 1920 597 1973 in
610 1923 716 1984 rasura)
726 1922 755 1972 A
766 1918 886 1972 drumen
896 1920 961 1973 ΒΗ
1042 1919 1194 1973 urdeenrur
1203 1918 1268 1973 ΒΗ
1275 1891 1408 1973 mdea'tur

375 2027 400 2089 (n
407 2041 446 2093 pr
454 2029 585 2094 euperter)
601 2025 629 2075 A
698 1987 744 2076 ¹¹ee
755 2040 789 2075 ru
801 2023 829 2076 B
841 2039 873 2075 ae
883 2039 917 2075 ru
930 2022 996 2075 ΑΗ
1077 2020 1173 2090 2qu1d
1185 2039 1246 2074 corr
1257 2025 1287 2074 at
1299 2021 1409 2075 uidetur

371 2129 403 2164 ee
414 2127 480 2180 qum
489 2112 517 2162 A
526 2107 594 2179 qurd
606 2107 632 2174 (d
644 2125 690 2160 rae
702 2125 764 2161 eorr
776 2126 808 2161 en
819 2111 845 2174 n)
857 2109 893 2161 H
976 2109 991 2158 3
1005 2124 1056 2176 ego
1069 2105 1278 2160 dedumanone
1286 2106 1323 2159 H

371 2213 445 2265 greer
454 2197 518 2251 BH
600 2195 831 2247 manucenABH
838 2210 974 2247 manuoen
984 2193 1045 2261 tre*
1058 2189 1201 2262 appellant
1210 2199 1265 2257 [een
1278 2210 1296 2245 a
1307 2211 1369 2245 corr
1378 2193 1409 2246 r'n

370 2317 449 2370 mare
459 2299 522 2365 add,
534 2298 642 2352 uidetur
654 2298 802 2366 mennleen
820 2294 963 2367 appellant
971 2295 1072 2365 fudere)
1085 2297 1114 2347 A
1204 2297 1219 2346 5
1235 2313 1264 2348 m
1277 2287 1367 2364 dau1b3
1379 2299 1408 2352 B

474 2400 600 2480 eerensffi
620 2402 657 2455 H
676 2390 845 2470 eetensqude
863 2401 890 2452 A
993 2397 1069 2467 quod
1087 2396 1231 2467 drsetphne
1247 2399 1283 2452 H
1297 2397 1336 2468 qd
1354 2397 1409 2452 drs·
1452 2425 1455 2430 ·

370 2487 488 2558 etphnee
505 2489 534 2541 B
553 2503 608 2556 quo
627 2488 681 2554 (ted
697 2504 714 2540 o
733 2487 762 2540 r'n
780 2488 885 2549 rotare)
909 2483 1052 2563 drsetplme
1073 2487 1118 2537 A:
1135 2484 1199 2551 fuit
1219 2486 1291 2549 (narn
1315 2484 1410 2538 errand

370 2575 441 2637 otim)
460 2571 529 2642 qud,
550 2576 586 2643 ef.
601 2591 632 2643 p.
645 2574 688 2637 45,
704 2574 731 2636 1;
753 2573 795 2636 91,
812 2573 842 2636 4;
863 2572 1009 2635 2,19,41;
1031 2574 1056 2622 et
1077 2572 1113 2624 ad
1135 2567 1234 2624 auibus
1250 2567 1408 2638 ceterisque

371 2657 459 2726 signis
476 2676 531 2710 non
549 2662 609 2711 eret
626 2659 697 2727 quod
714 2657 870 2710 adderetur:
895 2660 931 2727 es.
953 2657 985 2709 de
1003 2656 1057 2710 din.
1075 2655 1100 2720 2,
1122 2639 1165 2719 33,
1180 2657 1212 2706 70
1231 2653 1326 2707 auium
1342 2653 1407 2708 reli·

370 2760 523 2812 quorumue
541 2742 683 2812 tignorum
701 2742 907 2807 obueruetione;
929 2742 1008 2796 Plato
1021 2740 1139 2795 Phaedr.
1155 2743 1206 2792 244
1218 2759 1232 2792 e
1244 2741 1349 2808 ζήτησιν
1361 2745 1409 2792 τοῦ

372 2828 510 2899 μέλλοντος
527 2829 568 2882 διά
585 2846 613 2880 τε
631 2827 739 2898 ὀρνίθων
757 2829 867 2881 καὶτῶν
885 2827 971 2882 ἄλλων
991 2827 1111 2898 σημείων.
1131 2827 1210 2880 addit
1226 2829 1314 2879 autem
1331 2825 1409 2895 quod

370 2912 532 2985 disciplinae
553 2921 665 2968 neutrae
687 2917 728 2980 (ee.
748 2918 797 2978 eet)
819 2921 851 2967 nt
867 2915 939 2968 ratio
957 2914 1148 2966 concludatur:
1170 2911 1269 2982 an'rrpe
1290 2911 1410 2981 quaestio

370 3005 430 3055 erat
447 3018 615 3070 oaannmne
632 2998 779 3069 disciplina
795 2999 920 3053 diuinarr'
931 3004 1034 3069 postet:
1053 2999 1203 3068 respondet,
1219 3002 1244 3050 et
1259 2997 1409 3051 diuinatio-

370 3105 429 3141 nem
448 3104 503 3140 esee
521 3090 547 3139 et
564 3085 644 3140 datae
660 3087 707 3139 doe
725 3085 814 3156 eneam
832 3085 902 3156 quod
925 3090 964 3139 eet
981 3085 1012 3139 in
1030 3085 1126 3139 anetus
1143 3084 1305 3153 reliquisque
1323 3083 1410 3152 styrie

366 3178 476 3244 partem
498 3173 564 3239 (etue
579 3172 699 3241 speeiem)
721 3171 842 3224 esee-td
859 3176 946 3225 autern
963 3189 1018 3225 eote
1036 3168 1195 3239 disciplinae
1213 3187 1353 3238 aayaram.
1374 3169 1409 3222 de

370 3259 446 3330 quod
463 3262 501 3330 es.
523 3261 547 3324 1,
568 3261 609 3324 16,
622 3260 655 3311 45
760 3259 776 3311 6
801 3256 825 3311 ei
849 3256 921 3311 enim
945 3257 1012 3311 deos
1031 3256 1191 3324 Maduiqiae
1210 3257 1289 3324 (Opp.
1306 3256 1406 3320 2150)

370 3361 491 3416 summus
507 3363 546 3427 H,
567 3381 627 3416 eorr
644 3359 763 3415 summos
775 3363 831 3416 AB
935 3349 1099 3429 eorumqude
1117 3359 1146 3410 A
1252 3365 1344 3411 mente
1362 3358 1408 3410 de·

371 3453 481 3503 terioree
498 3455 590 3502 mente
609 3448 701 3503 ΑΒΗ
803 3449 818 3498 7
837 3444 947 3499 eosdem
965 3443 1107 3499 hominum
1124 3443 1257 3497 Doaieiae
1276 3442 1407 3496 eorumde

370 3533 482 3588 homlm'r
494 3537 522 3586 A
540 3533 670 3588 eorddem
681 3533 793 3587 hommd
806 3533 833 3584 B
852 3530 1010 3600 eorunldem
1026 3530 1169 3584 hommum
1182 3531 1218 3583 H
1222 3549 1228 3594 ;
1249 3545 1344 3582 eorum
1355 3546 1407 3581 nu-

370 3637 433 3674 men
449 3619 591 3674 hominum
610 3620 806 3672 Sedoernannue
822 3618 938 3672 Halmio
957 3622 982 3670 et
999 3617 1113 3672 Baitero
1126 3615 1268 3685 probauit,
1292 3615 1339 3668 eed
1361 3631 1408 3667 eo-

370 3705 487 3761 rundem
503 3724 535 3758 ee
553 3703 664 3759 eoedem
680 3704 783 3758 uicinia
799 3704 916 3774 qenetiut'
932 3702 1074 3757 hominum
1087 3701 1245 3772 procreauit
1257 3705 1283 3754 et
1294 3700 1407 3753 eandem

371 3791 501 3846 orationis
517 3793 644 3860 sormam
660 3793 722 3844 uide
740 3794 764 3855 2,
784 3792 808 3854 t,
829 3791 860 3841 15
885 3788 1010 3843 dominos
1036 3806 1096 3843 esse
1120 3788 1242 3842 omnium
1263 3802 1408 3840 rerumne

369 3876 556 3932 moderatores
576 3875 643 3930 deos
660 3893 746 3946 eaque
764 3892 833 3946 quae
852 3882 983 3944 gerantur
996 3892 1091 3929 eorum
1107 3874 1167 3944 geri
1184 3871 1287 3926 iudicio
1306 3888 1338 3924 eo
1355 3888 1408 3924 nu·

370 3963 442 4018 mine
461 3962 625 4031 eosdemque
642 3961 744 4032 optime
763 3960 797 4014 de
815 3977 914 4029 genere
931 3959 1072 4014 hominum
1089 3959 1196 4014 mereri.
1222 3960 1254 4013 de
1272 3958 1357 4011 dtatn.
1379 3957 1405 4021 1,

371 4051 413 4116 51,
429 4051 478 4102 111
497 4065 557 4104 eene
575 4046 642 4102 deos
660 4055 688 4101 et
705 4064 800 4100 eorum
812 4046 989 4117 prouidentia
1000 4046 1133 4100 mundum
1145 4043 1333 4100 administrari
1345 4059 1406 4096 eoe-

372 4135 488 4206 demque
506 4132 650 4188 eoneulere
667 4131 750 4188 rebus
767 4132 903 4186 humanis.
993 4135 1009 4185 9
1028 4131 1104 4187 este*
1121 4133 1192 4202 (fnit
1203 4129 1279 4195 estet]
1295 4133 1324 4186 Β

371 4223 458 4291 nege*
476 4220 541 4275 sunt
562 4219 585 4285 (1
599 4241 612 4273 e
631 4224 699 4286 corr)
720 4221 757 4284 A,
770 4220 865 4289 fuitne
882 4211 982 4289 negem
998 4220 1026 4273 lt.
1040 4238 1061 4273 e.
1079 4222 1232 4289 negemus?
1320 4213 1406 4270 sunu
