3250 4974
606 437 895 501 1mm-mm
1225 430 1266 501 ῃ

235 611 329 675 nulla
350 609 401 673 sit.
425 630 509 691 quae
530 608 807 692 praemuniuntur
835 608 946 672 omnis
972 609 1099 692 reliquo
1126 610 1267 674 sermoni

236 711 514 798 disputationique
536 721 673 791 nostrae,
699 732 763 794 quo
785 711 915 775 facilius
937 711 988 775 ius
1010 712 1046 775 in
1065 723 1183 776 nature
1198 736 1267 777 esse

235 817 379 901 positum
400 815 550 900 intellegi
571 813 687 899 possit3
710 814 751 878 de
767 837 831 898 quo
847 836 947 899 quom
965 837 1130 899 perpauca
1144 816 1264 894 dixero,

235 930 307 984 tum
322 919 430 982 adius
452 917 551 981 ciuile
573 917 713 998 ueniam,
739 940 780 981 ex
802 940 866 1001 quo
888 919 970 982 haec
992 918 1098 982 omnis
1121 929 1169 983 est
1190 930 1268 983 nata

236 1023 348 1087 oratio.
1298 1040 1310 1077 ε,

186 1087 227 1236 ἐξ
302 1125 461 1193 vavs.
503 1125 555 1188 Tu
587 1145 666 1187 uero
696 1123 763 1187 iam
788 1145 953 1208 perpauca
979 1124 1117 1203 scilicet3
1147 1148 1188 1189 ex
1215 1125 1267 1189 his

237 1229 334 1309 enim,
359 1252 444 1313 quae
466 1228 586 1306 dixisti,
610 1227 720 1291 Attico
742 1227 882 1306 uidetur,
908 1227 991 1290 mihi
1014 1228 1147 1312 quidem
1170 1239 1265 1306 certe,

237 1355 278 1396 ex
300 1343 418 1396 natura
440 1342 549 1395 ortum
571 1353 639 1394 esse
661 1331 722 1394 ius.

300 1437 453 1500 Amovs
494 1437 548 1498 An
574 1433 658 1498 mihi
685 1434 780 1497 aliter
807 1431 914 1497 uideri
940 1434 1053 1518 possit,
1083 1456 1160 1498 cum
1187 1435 1268 1499 haec

235 1539 302 1603 iam
322 1539 467 1623 perfecte
489 1539 563 1617 sint,
584 1537 729 1621 primum
744 1536 837 1621 quasi
851 1539 1043 1602 muneribus
1058 1538 1194 1602 deorum
1209 1559 1268 1602 nos
1286 1553 1311 1595 ¹⁰

236 1665 305 1707 esse
332 1643 509 1706 instructos
537 1651 570 1704 et
597 1651 734 1719 ornatos,
763 1641 907 1704 secundo
934 1651 1044 1704 autem
1071 1641 1144 1705 loco
1167 1662 1268 1705 unam

237 1865 327 1947 mamus
349 1839 466 1940 alteiam
477 1866 506 1919 B
524 1863 622 1918 alteri*
642 1863 741 1933 (fiisse
759 1861 850 1916 alteru
866 1863 980 1929 uidetur)
994 1866 1022 1917 A
1039 1863 1116 1933 (alter
1129 1860 1219 1934 quam>
1231 1863 1269 1918 al-

236 1964 289 2022 teri
301 1967 403 2022 conieci
414 1966 483 2021 alter
494 1963 543 2020 uni
560 1967 591 2020 0.
604 1968 640 2019 A.
651 1967 824 2020 Letrnammas
912 1969 924 2018 1
938 1983 1009 2037 quse
1027 1967 1161 2023 Victorias
1173 1943 1226 2039 qud
1240 1971 1268 2024 B

236 2073 290 2124 quo
303 2058 327 2119 (ο
339 2059 407 2120 corr)
420 2055 448 2106 A
460 2070 515 2122 qua
528 2053 565 2106 H
633 2054 819 2123 ,pmumuntur
832 2053 865 2117 (tr.
878 2072 899 2106 e.
911 2070 933 2122 p
946 2071 1008 2107 corr
1019 2054 1049 2108 ia
1060 2053 1083 2124 p)
1097 2057 1125 2108 Β
1200 2056 1268 2107 31n-

234 2139 325 2209 relligi
337 2142 365 2193 A
446 2156 529 2208 quom
540 2140 568 2191 A
580 2155 643 2192 oum
655 2139 681 2190 B
693 2144 727 2192 eir
741 2139 778 2191 H
855 2140 872 2189 4
884 2137 998 2192 edemus
1007 2142 1035 2192 A
1049 2141 1164 2205 (uidetur
1176 2139 1211 2193 ed
1223 2157 1269 2194 ou-

235 2224 281 2280 ius
289 2227 388 2298 faisse]
489 2242 556 2278 nata
567 2225 597 2277 im
607 2243 706 2278 rasura
717 2225 746 2276 A
846 2226 862 2277 6
874 2241 1011 2295 perpauco
1024 2224 1130 2280 scilieet
1141 2225 1269 2279 editiones

235 2329 342 2385 ppeuoa
358 2310 494 2380 suellis&
512 2313 578 2364 AH
590 2308 743 2381 perpaucas
756 2308 892 2363 ueldho&
906 2311 934 2362 B
1037 2309 1119 2365 exsui
1135 2313 1171 2364 H

237 2401 252 2450 7
270 2415 324 2468 que
341 2415 403 2452 oorr
419 2413 473 2476 que
490 2399 518 2452 Β
639 2414 726 2450 amco
746 2398 841 2461 (atnoe
859 2399 929 2461 corr)
948 2395 1043 2450 u1dere
1060 2399 1089 2450 A
1108 2398 1160 2462 (sio)
1180 2410 1268 2450 amco

238 2505 333 2566 (atnoe
346 2505 414 2567 corr)
427 2473 523 2578 nulii}
534 2501 563 2554 B
574 2517 662 2554 amco
674 2496 757 2552 u1de⁹t
769 2498 940 2552 Heiesiamas
952 2497 1025 2553 effici
1042 2499 1155 2553 uidetur
1167 2502 1270 2570 Haup-

236 2604 301 2670 tias,
323 2623 399 2675 quem
416 2608 442 2658 et
459 2604 587 2657 memoria
605 2604 735 2658 tetrorum
745 2602 856 2673 fefellit
876 2603 996 2672 (putauit
1013 2604 1083 2657 emim
1102 2604 1214 2657 Halmii
1231 2609 1270 2658 te-

236 2691 360 2744 stimonio
373 2691 497 2760 deeeptus
513 2706 601 2743 amoe
614 2689 788 2759 primitivam
804 2690 969 2759 imperaram
986 2694 1047 2754 esse)
1067 2695 1092 2743 et
1109 2691 1159 2744 itta
1177 2690 1268 2760 opimio

237 2796 288 2847 qim
305 2775 392 2830 exiis
410 2794 480 2847 quse
498 2775 595 2830 dixisti
612 2774 724 2828 uidetur
741 2774 809 2828 mihi
828 2793 862 2830 ex
878 2783 977 2830 natura
993 2782 1085 2829 ortum
1098 2793 1158 2830 esse
1169 2775 1214 2830 ius
1226 2776 1270 2829 ta-

237 2863 292 2916 time
310 2863 368 2917 diei
383 2867 507 2934 asperet,-
525 2863 572 2916 sed
588 2863 680 2915 etima
697 2865 767 2914 reete
784 2862 886 2915 dieitur
902 2863 976 2915 uetat
995 2863 1073 2915 Taso.
1086 2865 1111 2927 5,
1126 2865 1151 2926 5,
1168 2863 1199 2915 12
1213 2881 1269 2916 non

236 2947 304 3002 mihi
315 2948 428 3003 uidetur
441 2949 473 3015 (t.
487 2967 508 3002 e.
519 2967 576 3002 non
587 2965 694 3012 censeo,
708 2964 764 3001 non
775 2946 843 3000 mihi
855 2946 1016 3017 persuadeo)
1029 2947 1065 3001 ad
1075 2947 1156 3002 beate
1173 2947 1270 3002 uiuen-

237 3033 302 3087 dum
315 3034 382 3089 setis
394 3052 475 3105 posse
487 3033 633 3099 uirtutem
649 3035 685 3087 ad
696 3036 754 3087 Att.
771 3035 793 3097 1,
808 3036 833 3097 5,
848 3036 864 3086 2
878 3051 911 3086 ex
924 3033 968 3098 iis,
983 3050 1053 3103 quae
1065 3032 1100 3087 sd
1112 3051 1156 3086 me
1168 3033 1270 3104 scripta

238 3127 315 3186 sunt,
341 3119 447 3175 confido
469 3119 509 3174 ita
532 3137 593 3174 esse
616 3119 721 3184 omnia,
742 3126 774 3172 ut
791 3127 931 3190 oporteat,
953 3125 978 3173 et
995 3119 1117 3198 additam
1135 3119 1208 3173 effici
1225 3137 1269 3172 re·
1304 3181 1309 3193 .

237 3207 383 3277 darpaitar
398 3207 488 3261 Attici
509 3225 637 3276 responsa
659 3224 695 3259 en
716 3204 784 3258 mihi
802 3203 882 3259 aliter
899 3205 990 3260 uideri
1008 3205 1097 3276 possit
1116 3209 1165 3276 (es.
1185 3208 1267 3261 Brut.

238 3294 283 3358 19,
305 3295 337 3345 76
354 3310 405 3347 neo
422 3309 489 3346 uero
506 3291 559 3346 tibi
577 3277 658 3346 aliter
674 3291 765 3346 uideri
784 3290 886 3357 debet).
910 3291 993 3358 [Mitti
1008 3291 1100 3356 aerbo,
1122 3310 1187 3362 qaae
1205 3293 1270 3346 otim

236 3380 355 3433 consulto
371 3384 402 3433 ut
421 3381 450 3432 im
468 3398 498 3433 re
515 3379 617 3433 ineerta
634 3379 791 3432 indistincta
814 3378 951 3432 edideram
976 3380 1051 3444 (mam
1066 3380 1186 3449 suomet
1202 3397 1268 3449 qao-

236 3483 297 3518 rum
309 3465 447 3536 imperitia
462 3485 496 3519 me
509 3466 539 3519 id
551 3466 656 3535 quidem
667 3465 846 3535 imteltiqeret),
867 3483 898 3517 ea
911 3482 991 3534 quam
1008 3482 1079 3518 numo
1096 3465 1209 3520 attatei
1225 3465 1270 3520 di-

238 3551 379 3605 stinetiome
400 3552 468 3606 satis
491 3556 584 3622 aptam
601 3553 709 3623 efficere
727 3551 886 3604 sententiam
904 3551 1046 3605 uideatur:
1067 3553 1165 3622 quippe
1186 3553 1270 3614 Quia-

237 3641 280 3690 tas
292 3657 351 3691 eam
362 3637 443 3692 uellet
457 3638 593 3708 utriusque
610 3656 747 3692 assensum
762 3637 942 3709 pronuntiare
955 3637 987 3690 de
998 3654 1071 3690 more
1084 3641 1129 3709 (ef.
1137 3657 1170 3709 ρ.
1183 3640 1224 3705 34,
1238 3639 1273 3702 3,

237 3725 267 3789 3,
290 3725 334 3789 16,
356 3726 401 3786 37,
422 3725 508 3778 Aoad.
525 3730 595 3794 post.
615 3726 644 3789 1,
665 3726 693 3790 8,
715 3725 757 3790 33,
778 3725 824 3788 353
845 3725 925 3778 Brut.
944 3725 990 3789 32,
1013 3725 1076 3788 122;
1101 3727 1133 3779 de
1155 3730 1223 3779 orat.
1242 3727 1266 3790 2,

237 3811 280 3874 89,
295 3811 362 3877 362),
377 3811 492 3864 mutauit
509 3811 665 3877 oratiomern,
686 3816 716 3864 et
734 3812 766 3865 de
784 3829 811 3864 se
828 3811 934 3880 quidem
942 3811 1078 3881 fidentius
1095 3818 1268 3876 assederant,

236 3897 307 3966 quad
330 3901 418 3950 tamen
439 3897 510 3951 idem
528 3899 560 3951 de
578 3897 670 3951 Attica
695 3896 818 3962 sentiret,
838 3914 886 3950 mee
903 3897 934 3951 id
951 3898 1054 3951 iniuria
1072 3903 1137 3967 post
1153 3917 1184 3952 ea
1202 3915 1270 3967 quae

236 3983 343 4036 Atticus
356 4001 377 4037 a.
392 3984 433 4048 16,
448 3986 481 4036 28
499 3990 524 4038 et
537 4003 558 4037 o.
573 3986 602 4035 11
618 3988 682 4037 eatr.
696 3983 874 4054 siqaiflaarat.
896 3989 1011 4038 aeteram
1028 3986 1061 4038 de
1078 3989 1135 4038 tota
1152 3983 1270 4037 oratione

234 4073 328 4140 eomser
340 4069 372 4122 de
384 4087 440 4140 rep.
453 4072 475 4136 1,
490 4072 531 4136 11,
545 4073 583 4135 17]
670 4072 685 4122 8
698 4075 779 4123 omi*
794 4069 863 4139 (suit
873 4068 963 4136 ortus)
977 4073 1033 4124 AB
1045 4088 1139 4124 ortum
1151 4070 1189 4123 H

234 4157 250 4206 9
267 4153 319 4209 heo
333 4156 369 4209 H
470 4158 501 4210 lo
519 4162 609 4227 primii
628 4160 678 4227 (pn
695 4156 725 4209 im
742 4159 845 4222 rasura)
858 4159 887 4210 A
984 4155 1039 4210 nob
1056 4158 1085 4209 A
1101 4152 1187 4209 nosss
1198 4156 1269 4226 (suit

234 4238 323 4308 nobis)
342 4244 371 4297 Β
388 4239 440 4296 nos
458 4243 627 4297 Heinsianas
732 4244 761 4294 11
781 4243 883 4296 hunam
903 4244 956 4308 (sed
971 4241 992 4295 h
1009 4242 1129 4306 deletum)
1149 4242 1177 4296 B
