3252 4964
633 352 668 392 111
686 341 710 404 8,
732 342 763 393 19
781 369 816 379 —
833 343 858 405 9,
880 341 911 392 19
1225 340 1282 404 181

255 511 322 576 sius
344 510 577 594 molestiusque
599 511 779 594 prouincia.
799 513 855 575 sed
870 505 1017 595 sequ'itur
1031 511 1094 589 lex,
1113 533 1196 594 quae
1211 533 1287 575 san-

255 615 300 679 oit
322 637 394 678 eam
416 613 623 678 tribunorum
646 614 751 698 plebis
774 625 976 698 potestatem,
1002 635 1085 697 quae
1107 613 1144 677 in
1166 637 1200 677 re
1222 637 1286 698 pu—

254 719 340 782 blica
362 728 486 782 nostra:
512 717 551 780 de
575 739 640 800 qua
663 718 776 782 disseri
798 717 883 781 nihil
905 739 1036 781 neeesse
1060 728 1116 781 est.

318 821 478 889 varvs.
510 821 555 884 At
576 842 628 884 me
651 820 785 885 hercule
809 843 876 906 ego,
894 821 1001 900 frater,
1020 840 1149 904 quaero,
1168 821 1207 883 de
1223 821 1285 884 ista

252 935 411 1007 potestate
434 923 514 1007 quid
537 923 671 1002 sentias;
695 945 772 988 nam
795 925 876 988 mihi
899 925 1032 1008 quidem
1054 923 1208 1007 pestifera
1233 923 1286 986 ui-
1313 935 1330 978 ὃ

253 1028 356 1105 detur,
382 1026 503 1110 quippe
527 1049 609 1110 quae
631 1027 667 1089 in
691 1027 849 1092 seditione
872 1029 969 1092 etad
994 1027 1187 1092 seditionem
1209 1037 1287 1089 nata

254 1129 311 1192 sit:
341 1129 436 1193 euius
463 1130 609 1213 primum
637 1139 745 1194 ortum
768 1131 795 1194 si
817 1131 979 1196 reeordari
1007 1130 1175 1208 uolumus,
1200 1129 1287 1192 inter

253 1254 344 1296 arma
371 1233 495 1296 ciuium
525 1244 559 1296 et
585 1233 753 1316 occupatis
775 1245 808 1297 et
830 1235 966 1298 obsessis
992 1234 1083 1297 urbis
1108 1233 1188 1296 loeis
1209 1254 1287 1316 pro-

253 1347 399 1399 creatum
421 1335 585 1415 uidemus,
610 1336 729 1400 deinde
753 1358 829 1400 oum
852 1348 935 1401 esset
958 1336 1022 1401 cito
1044 1346 1179 1400 necatus
1202 1346 1286 1399 tam-

253 1461 352 1522 quam
367 1461 409 1503 ex
424 1459 472 1502 xn
487 1439 608 1503 tabulis
623 1431 762 1525 insignis
785 1441 826 1502 ad
849 1439 1089 1504 deformitatem
1102 1462 1193 1523 puer,
1210 1440 1286 1502 bre·
1305 1453 1331 1496 10

252 1542 288 1605 ui
310 1553 455 1625 tempore
485 1543 595 1607 nescio
618 1565 683 1626 quo
705 1554 800 1626 pacto
828 1553 991 1606 recreatus
1020 1543 1189 1626 multoque
1217 1552 1287 1605 tae·

211 1648 234 1716 9
252 1645 331 1709 trior
348 1656 380 1709 et
395 1645 520 1709 foedior
542 1656 674 1710 renatus
697 1656 753 1710 est.
779 1667 862 1730 quae
885 1645 973 1709 enim
996 1645 1052 1708 ille
1075 1666 1143 1709 non
1163 1644 1287 1710 edidit?

255 1856 563 1864 —ss-

254 1985 313 2053 lua)
334 1989 361 2041 Β
472 1989 484 2039 1
504 2005 648 2059 prournua
665 1990 692 2040 A
803 1987 852 2042 sed
869 1987 960 2043 Balsio
979 1988 1119 2042 delendum
1136 1988 1286 2053 uidebatur,

254 2074 337 2126 serati
353 2079 414 2126 suut
425 2074 556 2128 Halmius
574 2079 599 2126 et
611 2074 749 2138 Baiterus,
767 2091 918 2145 perperam,
935 2073 1069 2143 praecidit
1087 2074 1157 2126 enim
1175 2074 1288 2144 amplio-

252 2176 308 2212 rem
326 2159 358 2212 de
371 2159 525 2228 prouinciis
543 2160 760 2230 disputationm,
775 2165 806 2213 ut
824 2161 960 2214 edulium
977 2160 1033 2213 ium
1050 2163 1169 2213 tremeat
1187 2159 1287 2227 lupam:

253 2245 290 2313 es.
306 2245 337 2296 de
349 2244 502 2314 republica
514 2247 538 2310 2,
554 2247 596 2311 21,
612 2247 645 2298 37
743 2244 863 2300 lantum
881 2245 1054 2312 amrrrbonoa
1065 2247 1093 2299 Β
1188 2246 1289 2313 2quae

252 2327 281 2382 in
299 2346 329 2383 re
346 2332 381 2400 p.]
398 2335 440 2384 est
457 2331 525 2385 addi
541 2331 619 2384 iussit
639 2331 784 2395 Turnebus,
806 2332 877 2402 quod
889 2337 952 2401 post
968 2348 1039 2401 quae
1052 2331 1147 2402 posuit
1168 2333 1287 2384 Goeren-

253 2432 310 2485 zius
423 2432 595 2489 3d1loellerr
613 2437 641 2489 B
755 2434 825 2488 lad
843 2437 870 2489 B
888 2408 924 2504 ad
941 2439 967 2488 A
1071 2450 1156 2503 quero
1168 2434 1203 2498 B,
1226 2451 1288 2486 corr

253 2535 306 2598 que
324 2521 352 2571 A
462 2517 586 2573 dedsrlra
603 2523 631 2575 Β
650 2519 777 2599 dederim
794 2524 822 2574 A
931 2518 1071 2574 blenarus
1087 2520 1116 2573 B
1225 2522 1289 2572 tm

253 2619 383 2676 lidimone
402 2641 463 2676 corr
475 2620 523 2677 led
534 2625 562 2676 A
667 2627 680 2676 7
700 2642 793 2678 orrum
810 2625 856 2678 sed
873 2641 902 2677 rr
919 2643 932 2677 e
950 2642 1012 2678 aorr
1023 2625 1051 2676 A
1148 2621 1287 2677 recordari

254 2707 381 2762 editiones
398 2707 543 2764 recordare
553 2712 609 2764 AB
713 2726 882 2794 mrersarma
893 2709 921 2760 B
937 2709 1054 2772 (uidetur
1069 2726 1086 2760 τ
1103 2712 1189 2772 erasa}

255 2811 269 2862 8
282 2776 408 2864 oblellr
396 2830 425 2864 m
437 2829 535 2866 rasura
548 2818 574 2868 A
670 2815 685 2866 9
703 2787 830 2868 uidemus
848 2812 991 2866 deteriores
1008 2808 1130 2864 u1d1mul
1140 2812 1205 2876 AB,
1223 2811 1286 2864 Via-

255 2895 356 2961 torius,
377 2916 458 2967 qaam
476 2897 509 2950 ab
527 2897 643 2954 Ernesto
661 2903 691 2952 ut
708 2899 775 2952 dicit
791 2903 853 2952 ants
870 2899 1008 2952 iuuentam
1025 2897 1155 2951 librorum
1173 2897 1292 2965 seriptu-

254 2999 315 3036 ram
329 2983 430 3052 probat
448 2985 618 3050 Hamsius,'
605 2985 724 3039 mimia:
743 2986 793 3038 lsoa
811 2986 882 3038 enim
901 2985 991 3039 Orearo
1010 2983 1091 3037 dicit.-
1109 2983 1135 3035 si
1151 2984 1188 3035 ad
1204 2983 1287 3036 lusto-

254 3068 313 3122 rias
330 3070 487 3123 memorium
508 3089 646 3124 recurrere
667 3071 802 3135 uolumus,
824 3070 946 3124 uidemus
967 3071 993 3124 lu.
1010 3089 1032 3123 e.
1053 3072 1144 3122 nostro
1168 3085 1287 3121 sermone

251 3149 354 3224 ‘finden
366 3151 442 3215 wir’,·
456 3173 531 3226 quem
548 3174 626 3209 usum
644 3144 721 3209 uerbi
741 3154 837 3209 uidere
854 3155 946 3226 attipit
963 3160 988 3208 et
1005 3154 1132 3226 euemplis
1150 3153 1291 3208 nonnullis

255 3241 406 3294 illustrauit
421 3241 562 3295 Tischerus
574 3244 610 3296 ad
622 3243 701 3295 Tusa.
716 3243 741 3305 3,
755 3242 798 3306 25,
813 3243 860 3307 59;
876 3243 912 3295 ad
930 3241 1087 3310 eanderuque
1098 3240 1229 3294 rationem
1241 3239 1287 3293 di-

255 3326 333 3379 cendi
344 3327 473 3396 pertinet,
488 3328 556 3398 quod
573 3328 653 3399 infra
664 3329 705 3392 14,
720 3329 751 3379 31
766 3327 895 3381 scribitur
908 3324 974 3381 licon
991 3325 1095 3392 uidere,
1116 3324 1140 3380 si
1158 3323 1228 3379 uelis
1246 3343 1292 3379 re·

254 3409 356 3482 plicare
373 3412 531 3467 memoriam
548 3420 703 3484 temporum
820 3420 933 3468 necatus
951 3414 1088 3467 Puteanus
1104 3409 1216 3482 legatus
1230 3413 1287 3466 AB

255 3495 398 3568 ablegatus
417 3499 534 3554 Ioannes
546 3502 668 3554 Auratus
685 3505 710 3553 et
722 3499 880 3554 Brissonius
897 3504 961 3553 teste
973 3497 1105 3553 Lumtino
1202 3500 1234 3552 10
1252 3515 1288 3552 ex

256 3603 357 3655 0an
383 3672 405 3705 ÷
464 3576 520 3680 pu}
532 3605 560 3656 A
665 3605 695 3655 11
708 3569 947 3674 temporierearul
962 3603 1007 3657 sed
1023 3603 1051 3656 iu
1068 3603 1189 3673 marpine
1205 3620 1287 3656 manu

255 3705 367 3775 antiqua
386 3703 474 3759 selom
492 3722 630 3776 quopaero
649 3711 690 3765 A,·
709 3711 824 3775 apparet
839 3708 910 3760 uude
928 3723 1004 3759 error
1021 3711 1099 3760 natm
1116 3706 1166 3758 sit:
1186 3706 1287 3759 scilieet

256 3790 287 3843 ul
306 3792 401 3845 ultima
419 3792 523 3861 syllaba
540 3793 613 3846 uo'et's
630 3798 753 3862 tempore
770 3792 808 3844 ad
820 3793 942 3862 primum
954 3791 1079 3845 uocabuli
1088 3797 1227 3845 recreatus
1239 3791 1288 3844 ab·

256 3877 358 3930 errauit
374 3877 519 3939 librarium
540 3879 653 3934 Halmii
668 3877 848 3932 testimonium
866 3880 1003 3932 nonsatis
1021 3881 1176 3932 accuratum

254 3979 358 4016 rreuor
376 3965 404 4017 Β
423 3963 523 4018 rimor
540 3965 569 4018 in
587 3982 682 4018 rasura
700 3965 728 4016 A
850 3966 881 4016 12
899 3962 990 4018 fedior
1006 3965 1101 4020 ΑΒ,
1175 3967 1291 4014 renatus·-

255 4049 404 4103 Lambiuus
422 4048 507 4104 natus
520 4053 577 4105 AB
696 4067 767 4119 quae
784 4052 926 4104 deteriores
943 4055 996 4119 que
1013 4049 1069 4103 AB
1087 4047 1154 4118 quid
1172 4047 1286 4100 Madur'-

254 4135 328 4206 qius:
347 4151 428 4205 quem
447 4135 518 4189 enim·
535 4134 583 4189 ille
594 4135 769 4205 (tumultum)
786 4153 842 4189 non
854 4135 941 4190 edidit
954 4137 975 4188 I
976 4135 1022 4206 ,Fr
1029 4135 1189 4206 Wapnerus3
1208 4135 1290 4202 [quae
