3260 4968
694 437 718 478 11
737 426 777 490 17,
792 426 825 476 41
1218 430 1277 491 125

244 597 352 660 exitus
380 594 560 660 consecuti:
591 617 651 660 nos
674 595 731 679 qui
752 595 845 660 illam
868 597 1037 661 custodem
1052 597 1150 666 ¹urbis
1173 599 1280 662 omni-

243 703 306 764 bus
328 699 448 783 ereptis
470 698 590 764 nostris
612 700 709 763 rebus
732 721 769 762 ac
792 700 929 784 perditis
955 700 1073 764 uiolari
1102 703 1142 765 ab
1169 701 1280 786 impiis

244 803 330 888 passi
352 825 420 867 non
442 824 555 866 sumus
571 825 707 886 eamque
724 825 765 866 ex
786 813 897 867 nostra
920 805 1015 867 domo
1037 803 1074 868 in
1095 804 1199 889 ipsius
1220 828 1280 890 pa-

244 906 302 971 tris
325 907 460 970 domum
483 906 670 985 detulimus,
692 905 816 970 iudicia
830 917 972 986 senatus,
989 907 1113 986 Italiae,
1131 908 1281 993 gentium

245 1009 386 1093 denique
409 1009 558 1073 omnium
581 1020 791 1074 conseruatae
814 1009 939 1094 patriae
963 1011 1131 1075 consecuti
1153 1033 1311 1090 sumus35

245 1135 309 1197 quo
333 1113 412 1196 quid
435 1113 583 1176 accidere
606 1112 715 1197 potuit
735 1113 864 1176 homini
892 1114 1113 1197 praeclarius?
1142 1137 1282 1198 quorum

245 1217 365 1280 scelere
388 1215 563 1300 religiones
585 1226 658 1279 tum
675 1226 854 1299 prostratae
870 1216 1087 1301 adflictaeque
1103 1227 1189 1296 sunt,
1206 1239 1282 1301 par-

245 1319 306 1382 tim
328 1341 369 1382 ex
391 1318 457 1383 illis
480 1318 627 1384 distracti
648 1341 687 1382 ac
710 1319 859 1403 dissipati
881 1319 1000 1400 iacent,
1018 1321 1076 1405 qui
1091 1343 1170 1384 uero
1186 1342 1228 1384 ex
1241 1320 1282 1384 iis

246 1422 419 1486 ethorum
442 1423 603 1486 scelerum
624 1422 789 1507 principes
812 1423 945 1488 fuerant
968 1435 1000 1488 et
1014 1434 1143 1508 praeter
1159 1434 1282 1487 ceteros

245 1524 281 1588 in
303 1525 394 1588 omni
416 1525 574 1610 religione
596 1526 689 1610 inpii,
714 1548 782 1590 non
801 1527 908 1591 solum
929 1527 999 1591 uita
1013 1527 1187 1610 iqaomim'c
1204 1549 1279 1591 cru-
1298 1547 1323 1588 1⁰

247 1627 323 1692 ciati
351 1639 448 1711 atque
476 1630 634 1693 dedecore
661 1651 780 1694 uerum
806 1629 906 1694 etiam
935 1631 1104 1714 sepultura
1127 1641 1160 1694 et
1187 1629 1281 1694 iustis

247 1731 460 1815 exequiarum
483 1743 669 1797 caruerunt.

246 1907 375 1974 colenter
392 1922 421 1975 B
438 1895 669 1998 arreumsprcril&
681 1918 780 1975 caleni
799 1925 835 1976 H
919 1925 934 1975 3
954 1940 1067 1992 eamque
1080 1921 1210 1976 editiones
1223 1939 1283 1975 eam

246 2040 292 2093 qur
309 2026 404 2079 ΑΒΗ
503 2026 520 2075 4
538 2017 732 2091 deruhpirQ
754 2025 809 2089 (sic)
828 2026 865 2079 H
965 2024 1079 2080 senatus
1099 2023 1121 2090 (1
1134 2024 1283 2079 olta‘mume

246 2114 310 2176 corr)
333 2112 362 2163 A
476 2128 519 2164 rra
537 2109 607 2164 aliae
626 2112 654 2165 B
769 2109 966 2165 accuseruare
986 2113 1022 2166 H
1129 2115 1234 2181 liquo*
1254 2114 1282 2164 A

348 2195 479 2251 accedere
496 2199 524 2251 B
627 2195 780 2266 preclarius
796 2199 825 2250 A
931 2215 1048 2268 quorum
1060 2195 1163 2252 scelere
1176 2199 1213 2251 Β.
1226 2197 1282 2250 Ste-

241 2283 348 2352 phanus
365 2280 535 2353 quosscelere
553 2285 581 2338 B
605 2281 774 2352 quosscelere
793 2284 829 2337 H
849 2281 1007 2352 quoscelere
1031 2286 1057 2337 A
1183 2287 1197 2334 7
1220 2300 1284 2335 rum

247 2387 308 2423 corr
324 2388 356 2422 ea
374 2385 436 2422 cum
454 2370 491 2422 H
589 2368 717 2448 postrare
729 2372 757 2422 A
770 2366 897 2439 postrata
914 2370 965 2435 (ric)
982 2370 1019 2422 H
1026 2367 1139 2439 pittace
1151 2369 1180 2421 Β

246 2444 359 2552 adduct}⁸
373 2489 425 2552 que
443 2474 479 2527 H
562 2474 577 2524 8
597 2471 723 2527 distracti
740 2490 772 2526 ac
790 2471 917 2543 dissipati
930 2473 966 2526 Β.
981 2473 1130 2542 Stephanus
1148 2469 1283 2550 distruere

247 2574 282 2629 ad
299 2555 431 2656 drssrpaa—re
454 2575 497 2640 (ad
510 2593 563 2647 per
580 2594 705 2630 rasuram
722 2580 855 2629 mutatum
873 2576 903 2629 in
921 2580 960 2641 ac)
977 2578 1006 2629 A
1026 2574 1159 2629 distruere
1177 2549 1213 2642 ad
1230 2572 1283 2626 drs·

247 2661 335 2732 lipare
352 2662 389 2716 H
403 2660 551 2716 dustram
569 2679 601 2715 ac
620 2660 779 2732 disputatae
797 2662 844 2715 sed
861 2679 922 2715 corr
940 2659 1087 2732 dissipatae
1103 2662 1131 2715 B
1218 2677 1282 2729 qur*

247 2767 317 2834 [fuit
336 2763 415 2834 qurd)
435 2767 463 2818 A
482 2763 551 2834 qurd
567 2766 634 2820 ΒΗ
758 2783 791 2818 ex
809 2763 854 2817 hrs
870 2766 895 2819 &
913 2763 984 2818 horu
1004 2765 1069 2819 BH
1082 2781 1116 2818 ex
1133 2728 1237 2830 hrfdioe
1255 2765 1283 2816 A

351 2853 367 2905 9
385 2851 500 2905 fuerant
516 2868 578 2904 corr
596 2851 625 2904 in
643 2850 761 2905 fuerunt
778 2853 807 2904 A
913 2847 1020 2930 ceteros
1032 2852 1069 2904 H
1171 2850 1202 2902 10
1221 2848 1284 2902 reh-

249 2955 329 3008 grone
346 2956 409 2992 corr
426 2953 455 2990 n1
473 2939 502 2990 A
590 2954 660 3007 rnpu
674 2939 702 2990 A
721 2954 798 3008 impu
817 2938 882 2992 ΒΗ
967 2954 1027 2989 urta
1044 2953 1163 2990 crucran
1177 2937 1273 2990 ΑΒΗ
1273 2958 1282 2995 ,·

248 3025 376 3078 orcta'oais
394 3027 518 3096 smmum
536 3025 606 3077 hanc
618 3023 711 3094 saitae
725 3027 808 3094 pato:
835 3041 890 3076 non
909 3021 998 3076 solum
1016 3021 1075 3075 uita
1092 3021 1284 3090 (excesserunt

249 3109 424 3179 conscientia)
441 3109 557 3164 cruciati
569 3116 652 3179 atque
665 3108 808 3174 dedecore,
824 3127 922 3162 uerum
941 3107 1023 3162 etiam
1041 3106 1204 3178 sepultura.
1221 3148 1226 3159 .
1241 3124 1284 3160 ca-

249 3203 376 3260 ruerunt,
396 3196 435 3262 [io
447 3196 559 3250 eaodem
575 3195 733 3249 sententiam
751 3213 821 3248 nunc
838 3193 990 3263 ignominia
1007 3194 1104 3247 addidi
1124 3193 1208 3262 {quod
1221 3197 1284 3263 port

249 3281 307 3335 uita
319 3281 410 3353 secale
427 3282 530 3353 neqle'pa'
541 3281 648 3353 Μαίη
667 3284 704 3350 cf.
723 3282 754 3334 de
773 3299 828 3351 rep.
848 3284 873 3346 5,
894 3283 919 3346 4,
940 3283 956 3334 6
974 3277 1154 3349 ignominiam
1171 3276 1285 3346 fugiunt

248 3385 280 3421 ec
292 3367 432 3433 dedecus),
447 3373 477 3421 ut
495 3373 643 3421 caruerunt
661 3371 686 3420 et
703 3367 740 3419 ad
757 3366 816 3419 uita
834 3371 858 3419 et
870 3367 906 3420 ad
919 3365 1061 3436 sepultura
1073 3368 1221 3436 referretur
1237 3366 1282 3435 (cf.

249 3455 285 3507 ed
295 3458 417 3509 Hereaa.
429 3457 454 3519 4,
470 3456 511 3518 22,
528 3455 556 3504 31
580 3470 643 3506 eum
658 3451 739 3506 breui
757 3451 847 3522 spatio
865 3469 920 3506 non
935 3450 1017 3505 modo
1029 3449 1126 3504 uiuere
1139 3450 1188 3504 sed
1201 3448 1284 3504 etiam

250 3538 359 3610 sepeliri
376 3538 601 3610 prohibuerunt);
621 3539 691 3608 quod
707 3557 737 3592 eo
748 3538 868 3608 facilius
876 3538 949 3608 fieri
959 3537 1078 3607 potuisse
1094 3537 1203 3590 uidetur
1220 3537 1284 3606 quia

250 3643 348 3691 cerere,
369 3626 487 3680 coronae
504 3627 542 3679 ad
557 3625 613 3679 uim
630 3625 770 3678 uerborum
784 3623 904 3693 privari,
925 3624 1047 3678 amittere
1065 3623 1183 3678 accedit:
1202 3623 1238 3690 cs.
1251 3623 1283 3676 de

250 3712 304 3765 inu.
325 3714 349 3777 1,
364 3715 406 3776 55,
423 3713 471 3764 1118
489 3710 586 3766 hostili
603 3709 633 3764 in
650 3717 724 3764 terra
742 3709 862 3780 turpiter
880 3709 966 3764 iacuit
989 3708 1158 3780 insepultus,
1183 3727 1199 3762 a
1217 3708 1284 3762 feris

251 3796 297 3850 diu
316 3804 443 3862 uexatus,
463 3796 600 3851 communi
613 3813 723 3867 quoque
739 3796 844 3850 honore
861 3796 890 3850 in
907 3803 995 3850 morte
1014 3795 1116 3860 caruit;
1140 3797 1239 3848 Seneca
1252 3795 1284 3848 de

250 3884 297 3936 uit.
310 3883 376 3937 beat.
389 3902 411 3937 c.
426 3884 490 3949 14,1
504 3883 592 3954 prima
605 3883 696 3936 uirtus
709 3888 753 3936 eat
765 3923 771 3936 .
784 3923 792 3936 .
805 3881 825 3935 ii
837 3881 886 3952 qui
898 3881 1037 3952 uoluptati
1053 3881 1193 3936 tradidere
1210 3878 1284 3950 prin-

250 3969 335 4040 cipia,
355 3976 475 4039 utroque
493 3986 619 4024 caruere:
643 3967 778 4022 uirtutem
800 3967 874 4021 enim
895 3971 968 4034 [una]
989 3967 1126 4021 amittunt.
1152 3967 1285 4022 Horatius

249 4060 299 4132 sat.
313 4057 370 4120 aa,
382 4057 430 4109 196
442 4072 585 4126 perquem
600 4060 643 4108 tot
660 4053 776 4110 iuuenes
793 4054 883 4124 patrio
902 4071 1016 4108 caruere
1034 4052 1178 4123 sepulcro]

252 4143 280 4193 11
301 4141 359 4213 adq;
380 4144 417 4197 H
515 4158 614 4194 uerum
631 4142 687 4205 (uer
705 4141 734 4194 ἐκ
746 4143 852 4206 rasura)
867 4143 895 4194 A
1002 4141 1033 4192 12
1053 4137 1243 4208 exsequrarum
1256 4137 1285 4189 Β

249 4226 440 4297 exsoqurarum
460 4229 508 4283 aed
526 4226 540 4281 1
556 4246 633 4282 aare
651 4229 680 4280 A
708 4243 885 4296 exequrarum
903 4228 939 4281 H
1045 4228 1194 4278 caruerunt
1215 4223 1285 4276 dete-
