3250 4974
350 426 391 488 26
811 435 822 476 1
841 423 865 488 a,
885 425 917 475 25

348 597 415 659 iam
431 619 509 661 uero
525 596 632 660 uirtus
646 597 761 660 eadem
775 595 812 659 in
829 595 964 660 homine
984 617 1021 658 ac
1041 596 1101 659 deo
1122 606 1170 660 est
1189 618 1297 679 neque
1318 597 1381 661 alio

350 700 419 764 ullo
441 700 477 763 in
499 722 618 785 genere
641 709 821 784 praeterea;
846 710 895 762 est
918 709 1029 762 autem
1051 699 1156 762 uirtus
1178 698 1265 763 nihil
1291 700 1382 764 aliud

349 803 414 866 nisi
429 803 574 886 perfecta
590 814 622 867 et
637 804 679 866 ad
698 824 863 866 summum
882 803 1041 886 perducta
1060 813 1191 866 natura:
1214 815 1262 868 est
1280 803 1383 889 igitur

349 906 477 976 homini
504 928 581 971 curii
610 908 670 970 deo
698 906 887 971 similitudo.
922 906 1010 989 quod
1037 927 1114 969 cum
1141 906 1188 969 ita
1215 907 1269 987 sit,
1299 931 1382 992 quae

318 1011 482 1074 itandem
510 1032 578 1073 esse
605 1019 712 1094 potest
738 1009 870 1093 propior
893 1009 1053 1072 certiorue
1076 1009 1246 1094 cognatio?
1271 1010 1382 1095 itaque

349 1113 391 1175 ad
409 1112 582 1176 hominum
602 1112 848 1176 commoditates
868 1123 900 1176 et
920 1135 998 1176 usus
1018 1123 1145 1176 tantam
1159 1134 1269 1176 rerum
1284 1116 1383 1178 uber-

348 1226 449 1280 tatem
470 1226 589 1279 natura
610 1215 728 1301 largita
750 1226 806 1295 est,
831 1226 869 1279 ut
891 1237 937 1294 ea,
955 1238 1038 1299 quae
1053 1215 1243 1302 gignuntur,
1261 1217 1382 1281 donata

348 1319 496 1383 consulto
518 1319 621 1399 nobie,
647 1342 715 1384 non
737 1318 871 1383 fortuito
894 1328 971 1382 nata
994 1319 1178 1399 uideantur,
1198 1342 1260 1384 nec
1275 1320 1382 1384 solum

348 1445 394 1502 ea,
420 1445 502 1506 quae
525 1423 675 1508 frugibus
698 1434 795 1506 atque
815 1422 904 1486 bacis
919 1432 1024 1486 terrae
1039 1423 1109 1486 fetu
1123 1423 1378 1506 profunduntur,

348 1635 657 1642 ...—..-..—-..—.-——-

345 1791 437 1838 tamen
454 1783 611 1838 habendum
630 1783 706 1838 sciat.
728 1800 761 1836 ex
778 1800 833 1854 quo
852 1782 971 1837 efficitur
988 1787 1037 1848 (om
1049 1782 1141 1849 illud),
1160 1790 1192 1838 ut
1209 1784 1234 1838 is
1252 1790 1383 1855 agnoscat

346 1869 436 1935 deum,
456 1869 504 1940 qui
522 1869 596 1923 unde
614 1876 691 1924 ortus
708 1869 744 1923 sit
756 1868 836 1939 quasi
854 1869 1012 1924 recordetur
1029 1873 1078 1935 (om
1095 1869 1382 1938 agnoscat).'1lidem

347 1960 370 2020 7,
392 1959 422 2020 9,
446 1958 476 2009 10
500 1954 572 2009 illud
595 1962 800 2024 argumentum,
820 1955 895 2025 quod
920 1955 1002 2010 ctiam
1018 1956 1059 2009 M.
1079 1954 1189 2010 Tullius
1207 1953 1293 2020 uidit,
1315 1954 1382 2010 satis

344 2041 453 2094 firmum
471 2047 521 2106 est,
542 2059 576 2095 ex
595 2059 626 2096 oo
645 2041 836 2096 aeternitatem
854 2041 960 2095 animae
978 2059 1060 2112 posse
1079 2041 1214 2112 dignosci,
1234 2042 1300 2112 quia
1317 2040 1382 2095 nul-

343 2127 402 2182 lum
420 2127 457 2182 sit
474 2126 552 2181 aliud
569 2126 679 2193 animal,
694 2128 768 2198 quod
784 2127 885 2182 habeat
902 2127 1031 2182 notitiam
1049 2126 1168 2198 aliquam
1183 2127 1237 2182 dei.
1258 2129 1381 2183 111111

346 2213 391 2268 ἕνα
410 2214 455 2267 dci
472 2216 496 2278 7,
516 2216 533 2266 6
550 2213 701 2284 Propterea
719 2212 827 2268 nullum
844 2221 887 2268 est
904 2213 1020 2279 animal,
1040 2220 1072 2268 ut
1089 2213 1128 2267 ait
1147 2213 1251 2279 Cicero,
1272 2221 1381 2285 practer

345 2298 498 2364 hominem,
521 2299 595 2368 quod
612 2299 713 2354 habeat
730 2298 850 2370 aliquam
867 2299 995 2354 notitiam
1013 2299 1067 2354 dei.
1087 2305 1202 2354 ceterum
1220 2319 1252 2354 ex
1269 2301 1317 2354 loc
1330 2318 1381 2370 po-

345 2386 475 2440 tissimum
493 2386 551 2439 loco
570 2386 685 2440 colorem
702 2388 835 2456 quendam
853 2386 961 2440 ducisse
978 2385 1106 2440 uidentur
1118 2404 1184 2456 quac
1201 2386 1296 2440 siritii
1308 2385 1380 2441 Loc-

345 2471 449 2526 tantius
465 2471 538 2525 last.
559 2471 613 2526 diii.
636 2475 665 2538 1,
686 2475 716 2541 2,
737 2475 752 2524 5
774 2489 854 2525 nemo
878 2478 921 2526 est
945 2470 1018 2526 enim
1038 2478 1095 2526 tam
1118 2471 1211 2536 rudis,
1232 2479 1288 2526 tam
1310 2471 1378 2526 feris

344 2556 476 2622 moribus,
491 2557 538 2626 qui
554 2575 619 2622 non,
640 2555 735 2612 oculos
753 2574 819 2611 suos
836 2556 866 2609 in
884 2555 990 2611 caelum
1007 2556 1116 2624 tollens,
1136 2557 1247 2613 tametsi
1264 2557 1378 2622 nesciat,

346 2641 425 2696 cuius
444 2642 489 2697 dei
507 2641 683 2713 prouidentia
700 2650 814 2712 regatur
830 2644 883 2697 hoc
901 2661 995 2709 omne,
1015 2643 1091 2713 quod
1110 2643 1241 2708 cernitur,
1261 2642 1381 2713 aliquam

344 2735 436 2782 tamen
454 2745 515 2782 esse
532 2726 680 2798 intelligat.
780 2731 791 2781 1
806 2729 916 2784 lauare
928 2729 1022 2784 uirtus
1035 2729 1073 2796 (Ia
1085 2748 1103 2782 u
1116 2729 1145 2783 ia
1157 2748 1258 2784 rasura
1268 2732 1336 2794 corr)
1353 2731 1380 2780 A

344 2805 438 2885 iliius
453 2831 549 2884 omisso
567 2848 634 2885 uero
647 2831 779 2901 B5lIam
797 2835 835 2887 iio
853 2831 948 2886 uirtus
968 2833 1030 2898 (cic)
1050 2833 1086 2887 H
1199 2835 1214 2885 2
1233 2831 1262 2884 in
1280 2848 1380 2901 genere

347 2917 483 2971 Dauist'us
500 2934 610 2986 ingemo
629 2918 725 2971 ΑΒΗ
834 2925 985 2989 praeterea.
1006 2925 1048 2974 est
1065 2925 1157 2974 autem
1175 2918 1303 2972 editiones
1319 2923 1381 2988 pte·

343 3002 406 3058 reas
421 3021 514 3058 autem
536 2999 613 3068 (aui)
636 3003 693 3056 ΑΒ
709 3000 745 3074 pi
763 3004 810 3059 eas
825 3008 860 3058 aii
878 3005 915 3058 H
1016 3007 1031 3056 3
1055 3004 1110 3059 nisi
1133 3003 1255 3076 perfecta
1272 3004 1380 3060 Bakt'us

343 3088 401 3144 mle
417 3089 544 3161 perfecto
562 3090 657 3143 ΑΒΗ
669 3106 752 3159 quain
769 3089 798 3142 in
817 3108 845 3145 se
863 3091 987 3161 perfecta
1010 3091 1155 3146 deteriores
1274 3090 1380 3162 pducta

343 3192 444 3231 natura
457 3173 500 3228 est
511 3176 568 3229 AB
578 3175 694 3246 pducta.
705 3174 864 3245 {Naturalis
877 3175 919 3230 est
933 3177 1102 3232 Heinsianus
1119 3175 1252 3247 perducta
1269 3183 1377 3230 natura.

343 3277 478 3333 naturalis
490 3284 533 3332 est
543 3278 668 3332 Kleint'ua
680 3298 707 3332 1.
722 3295 789 3334 mus.
804 3280 891 3334 Rhea.
908 3283 949 3345 24,
965 3283 1015 3333 496
1108 3282 1124 3331 4
1146 3249 1378 3352 ¹iqudmdeoflimilr·

342 3381 413 3436 tudo
432 3384 460 3437 B
575 3381 650 3452 quod
673 3382 722 3447 (od
740 3402 754 3436 e
772 3387 839 3449 corr]
862 3388 890 3438 A
907 3349 990 3455 qudrii
1013 3385 1052 3450 (d.
1074 3403 1096 3437 e.
1116 3400 1199 3453 quom
1212 3401 1251 3454 pr
1268 3401 1331 3437 corr
1349 3383 1378 3436 t‘n

343 3485 428 3538 quae,
449 3466 511 3521 dein
527 3473 661 3521 mutatum
678 3471 707 3523 ia
725 3468 811 3539 quod)
834 3472 863 3525 Β
879 3469 954 3541 quod
973 3471 1010 3524 H
1125 3486 1178 3538 que
1199 3487 1261 3524 corr
1279 3485 1332 3549 quq
1350 3470 1378 3523 Β

446 3555 460 3604 5
479 3570 592 3623 propior
610 3553 640 3606 ia
657 3554 744 3609 litura
762 3558 790 3611 Β
807 3573 907 3627 ppior*
925 3557 953 3608 A
970 3572 1054 3625 ppior
1073 3557 1107 3609 H
1209 3571 1377 3613 certiorant-

342 3631 465 3726 cognitio
484 3657 512 3710 B
529 3672 668 3711 cerciorue
686 3674 815 3727 cognatio
834 3659 880 3712 sed
897 3676 914 3712 a
932 3677 945 3710 c
964 3676 1026 3712 corr
1043 3661 1071 3711 A
1092 3675 1230 3713 certiorne
1248 3675 1376 3727 cognatio

347 3743 599 3807 (aexicorrlH
716 3743 792 3797 tad
814 3742 846 3807 (d
864 3745 1186 3810 correabutui'detur)
1209 3746 1266 3798 AB
1291 3743 1383 3798 adH

445 3825 653 3883 commoditatis
672 3828 710 3893 (es
725 3832 795 3894 corr)
816 3831 873 3884 AB
891 3827 1104 3884 commoditates
1120 3830 1156 3883 H
1263 3831 1378 3884 uberta·
1441 3831 1442 3835 ’

340 3932 399 3968 tem
416 3915 484 3970 (bea
496 3933 514 3966 u
527 3919 557 3967 ut
569 3915 684 3981 uidetur)
703 3917 739 3970 H
834 3917 849 3966 7
861 3911 1038 3984 qisgignuni
1051 3919 1093 3983 (gi
1105 3916 1134 3969 itt
1146 3933 1247 3969 rasura
1260 3923 1329 3982 corr)
1346 3916 1382 3969 H

423 4019 438 4070 8
456 3991 621 4088 consultiB
637 4017 764 4072 consulto
782 4018 829 4072 scd
847 4035 863 4072 o
880 4017 1002 4071 ultimum
1020 4036 1083 4072 corr
1094 4036 1127 4073 cc
1138 4037 1155 4072 a
1166 4020 1194 4072 A
1206 4017 1333 4074 consulta
1346 4020 1383 4073 H

420 4118 476 4175 uolt
488 4120 668 4192 conforltuito
679 4124 715 4177 H
785 4126 801 4175 9
814 4140 890 4192 aeaq;
906 4139 968 4176 corr
980 4122 1057 4191 *θεῷ
1069 4123 1098 4176 Β
1177 4098 1338 4206 11ἑ1ΐτε111ς
1351 4121 1378 4173 Β

339 4207 417 4266 bacis
424 4224 500 4287 terre
509 4209 556 4262 sed
567 4207 660 4263 cister
672 4209 701 4262 t‘n
711 4227 758 4262 rar
768 4210 796 4261 A
805 4208 964 4288 bacillteirq
972 4208 1000 4274 lb
1013 4225 1075 4262 corr
1085 4226 1117 4262 ec
1128 4209 1155 4274 u)
1167 4209 1203 4263 H
1275 4208 1382 4289 fqtuH
