3260 4968
622 395 892 459 nau-uu
1235 397 1275 460 ὣ

239 569 310 646 illa,
343 567 441 632 etiam
471 567 499 630 si
527 565 748 651 perniciosum
777 566 902 650 aliquid
931 565 1073 650 populus
1104 566 1274 650 acceperit.

242 694 317 758 ergo
341 681 390 736 est
411 671 466 735 lex
480 670 642 734 iustorum
656 669 920 754 iniustorumque
935 668 1109 748 distinctio,
1128 668 1169 731 ad
1184 668 1276 732 illam

240 773 503 860 antiquissimam
518 784 551 838 et
566 795 675 838 rerum
690 773 841 837 omnium
854 772 1040 857 principem
1054 772 1109 856 [et]
1125 793 1276 856 expressa

240 889 400 957 naturam,
423 878 465 941 ad
480 898 579 960 quam
594 877 682 961 leges
696 876 869 941 hominum
884 875 1080 961 diriguntur,
1098 897 1181 958 quae
1196 898 1275 960 sup-

241 981 340 1067 plicio
363 981 517 1065 inprobos
540 979 706 1057 adficiunt,
733 978 916 1044 defendunt
937 1000 976 1042 ac
998 989 1134 1043 tuentur
1155 981 1266 1044 bonos.
1306 1000 1318 1040 s

209 1087 234 1154 6
306 1085 466 1152 vauvs
498 1083 669 1148 Praeclare
691 1083 856 1168 intellego,
886 1104 947 1147 nec
977 1105 1056 1146 uero
1083 1082 1150 1146 iem
1178 1083 1275 1146 aliam
1348 1159 1350 1164 ,

242 1209 311 1252 csse
340 1188 444 1251 ullam
473 1187 581 1272 legem
608 1197 690 1270 puto
719 1208 787 1250 non
817 1187 913 1250 modo
935 1186 1129 1266 habendam,
1153 1187 1211 1251 sed
1233 1209 1275 1251 ne

243 1291 472 1375 appellandam
494 1290 637 1373 quidem.
1194 1347 1196 1350 .

194 1404 231 1458 14
306 1394 457 1457 ΜΑιιονε.
496 1392 603 1478 Igitur
632 1403 670 1456 tu
692 1391 794 1456 Titias
823 1402 857 1456 et
878 1390 1035 1476 Apuleias
1057 1391 1145 1478 leges
1167 1393 1276 1456 nullas

242 1500 358 1582 putas?
451 1511 458 1518 ’
1295 1515 1319 1556 ιι

307 1600 466 1668 Qvnsrvs.
497 1601 568 1684 Ego
591 1621 670 1663 uero
693 1621 735 1662 ne
757 1598 871 1664 Liuias
895 1597 1038 1682 quidem.

304 1704 456 1767 Mancvs.
496 1704 540 1766 Et
567 1714 663 1780 recte,
695 1723 777 1785 quae
807 1701 1000 1786 praesertim
1022 1724 1089 1765 uno
1112 1701 1276 1766 uersiculo

241 1817 373 1872 senatus
394 1816 518 1890 puncto
541 1804 696 1890 temporis
718 1805 865 1870 sublatae
888 1805 967 1870 sint:
998 1806 1053 1869 lex
1076 1817 1187 1870 autem
1208 1807 1273 1886 illa,

244 1909 338 1973 cuius
360 1909 430 1972 uim
453 1909 626 1993 explicam,
651 1930 758 1992 neque
781 1908 853 1972 tolli
873 1929 980 1992 neque
996 1908 1146 1994 abrogari
1159 1921 1275 1994 potest.

308 2012 468 2080 vasvs.
500 2014 564 2076 Eas
586 2023 623 2076 tu
646 2011 748 2096 igitur
763 2011 851 2096 leges
866 2011 993 2096 rogabis
1009 2012 1173 2092 uidelicet,
1193 2036 1276 2098 quae
1295 2032 1319 2072 u

243 2137 424 2200 numquam
447 2118 652 2201 abrogentur.

244 2323 297 2359 aaa
314 2305 417 2360 distant
433 2304 466 2359 ab
484 2304 526 2358 ais
544 2303 671 2374 quamuis
688 2321 775 2375 praua
794 2303 839 2357 sit.
865 2302 966 2372 Confer
983 2303 1015 2356 ds
1033 2302 1088 2357 iau.
1108 2306 1138 2369 2,
1158 2307 1204 2368 45,
1229 2307 1277 2357 134

243 2390 341 2461 legem,
356 2389 580 2454 cuicuimodisit,
594 2389 792 2460 inpraesentia·
807 2386 966 2444 conseruari
983 2388 1144 2452 conuenire;
1165 2392 1278 2446 mmsis

245 2483 315 2532 racis
327 2477 475 2534 Lambinus
488 2477 559 2548 quod
570 2481 629 2531 erat
640 2477 670 2530 ia
682 2475 760 2530 libris
772 2473 959 2530 cuiuscemodi
971 2475 1087 2528 corrasit
1186 2478 1198 2530 1
1216 2493 1278 2550 pm·

245 2561 348 2619 troium
365 2565 393 2616 Β
496 2560 578 2634 popli
597 2560 619 2628 (s
634 2563 663 2616 ia
681 2579 726 2615 ras
744 2579 814 2626 corr,
826 2564 951 2632 sortasse
968 2579 1000 2614 ss
1017 2563 1041 2627 o)
1061 2562 1098 2615 H
1198 2563 1213 2614 3
1233 2581 1279 2617 an-

245 2647 446 2720 uqu1l's1maes
463 2654 520 2703 mni
536 2666 597 2702 corr
613 2650 641 2702 A
749 2649 774 2725 dr
793 2645 918 2718 expressa
937 2649 965 2701 B
982 2645 1126 2718 *expressa
1143 2650 1171 2702 A
1189 2649 1215 2703 δι
1234 2640 1279 2704 er·

246 2750 336 2823 pressa
353 2770 454 2807 natura
470 2755 506 2808 H
605 2753 622 2802 4
640 2749 774 2821 subplicio
793 2769 854 2805 carr
871 2748 939 2822 supp
956 2751 985 2803 A
1002 2748 1134 2856 suppbrpo
1156 2756 1178 2818 (t
1194 2758 1280 2808 mida-

246 2861 300 2908 tum
317 2855 382 2922 iac)
401 2858 429 2911 Β
545 2852 712 2924 51mlpbosa
730 2853 777 2907 ssd
794 2873 810 2908 a
827 2871 932 2910 ausum
950 2855 978 2909 Β
1094 2854 1235 2924 adficiunt
1250 2862 1278 2912 A

347 2937 610 3012 suppbc101mpbos
625 2938 801 2994 afficiuntH
901 2943 917 2994 6
934 2939 1058 3012 preclare
1075 2944 1102 2996 A
1197 2942 1278 2998 inrel-

245 3025 307 3096 lego
322 3031 347 3093 (o
365 3028 394 3080 ia
412 3030 516 3092 rasura)
530 3031 557 3080 A
644 3028 659 3077 'i
676 3023 831 3080 habendam
849 3029 873 3092 (a
890 3031 953 3081 auis
970 3045 998 3080 m
1014 3044 1062 3081 ras
1078 3031 1147 3093 corr)
1160 3029 1197 3083 Η

246 3114 262 3164 8
280 3110 470 3183 appellandam
488 3109 588 3183 (appell
605 3110 635 3164 ia
653 3114 791 3177 rasura)A
911 3111 1027 3166 sudas
1042 3112 1180 3166 Turnebus
1190 3118 1221 3167 tu
1234 3113 1279 3166 'li-

244 3197 297 3252 tias
314 3197 450 3252 Antonius
466 3197 635 3268 Aupustiaas
656 3195 750 3251 cunas
765 3198 865 3260 ΑΒΗ,
890 3198 960 3268 quod
977 3197 1069 3270 fluisse
1088 3195 1196 3253 cu'l'Ias
1211 3199 1278 3254 scri-

244 3285 370 3349 bendum,
388 3301 415 3336 τι
436 3283 541 3354 syllaba
564 3288 596 3337 ut
618 3283 657 3338 bis
674 3284 818 3355 ispcrsiur,
839 3284 925 3338 Iaaus
947 3287 1079 3340 Gruterus
1101 3284 1229 3348 credidit,
1249 3305 1278 3339 sa

244 3371 361 3442 artificio
379 3369 535 3441 scriptionis
552 3388 632 3433 usus,
652 3371 724 3441 quod
746 3370 790 3424 uel
813 3375 921 3424 austrae
939 3369 1036 3424 astatis
1049 3370 1200 3442 philologis
1218 3372 1279 3442 qui-

244 3456 355 3512 busdam
372 3455 506 3526 imposuit,
521 3473 604 3525 nuper
615 3456 650 3509 ab
664 3456 788 3526 Hauptio
801 3457 887 3527 lapids
899 3456 1063 3527 ecapitaium
1076 3458 1157 3528 (Opp.
1170 3458 1195 3522 3,
1210 3459 1276 3522 311),

243 3546 275 3610 [ei
292 3543 347 3596 iaus
361 3543 443 3614 prius
460 3545 529 3596 recia
545 3541 695 3610 iudicatam
713 3543 746 3596 ab
765 3543 928 3598 Heinriciio
947 3543 977 3596 ia
995 3541 1051 3597 Cic.
1063 3560 1101 3598 or.
1115 3561 1170 3612 pro
1184 3544 1276 3598 Soaar.

245 3633 291 3683 sic.
304 3647 338 3700 p.
354 3631 402 3682 105
421 3633 446 3682 si
463 3628 525 3683 add.
539 3646 570 3700 p.
589 3629 665 3693 mil
786 3626 911 3699 apuleJai
928 3633 967 3700 (eJ
987 3628 1018 3696 ia
1035 3634 1148 3698 rasura)
1167 3632 1195 3684 A
1213 3648 1279 3701 apu-

243 3713 318 3769 letss
328 3714 495 3770 Heiusiaaus
575 3731 652 3768 cuna
670 3710 697 3768 se
714 3712 855 3785 repuleras
864 3718 891 3784 (p
909 3730 971 3767 corr
987 3733 1019 3768 sc
1036 3714 1062 3781 b)
1076 3716 1104 3768 B
1190 3713 1283 3772 nullas

247 3799 270 3866 (s
285 3806 315 3855 ut
332 3801 440 3855 uidetur
457 3803 524 3868 corr)
539 3804 575 3857 H
674 3801 703 3853 11
724 3799 820 3854 Liuias
839 3797 971 3854 Victorius
988 3799 1088 3854 lerums
1104 3802 1198 3858 ΑΒΗ

246 3889 277 3940 12
296 3903 373 3942 recte
391 3890 415 3953 (e
431 3887 529 3942 ultima
546 3889 574 3941 iu
592 3891 697 3954 rasura)
717 3891 744 3941 A
860 3903 914 3957 que
932 3889 969 3940 H
1088 3886 1235 3960 presertim
1251 3891 1280 3942 A

349 3992 380 4043 13
399 3988 557 4045 sublateH
662 3992 694 4044 11
711 3976 786 4044 sirm*
806 3993 835 4056 (u
853 3989 970 4044 simia
987 4009 1035 4046 ras
1052 3997 1122 4057 con)
1144 3994 1182 4047 H

244 4091 382 4164 sxphcaur
401 4095 438 4158 (nr
455 4093 485 4146 ia
502 4111 550 4148 ras
566 4098 635 4160 corr)
649 4097 685 4148 H
784 4068 934 4165 porussi-s
946 4095 972 4149 Β
1078 4097 1108 4146 15
1127 4091 1239 4163 rogabis
1254 4095 1280 4162 (g

243 4201 268 4250 ei
283 4196 303 4250 b
321 4214 392 4262 sorr,
412 4196 521 4250 uidetur
537 4195 647 4252 rooaurs
661 4198 759 4270 fuisse)
779 4201 805 4249 A
823 4194 906 4267 rogas
921 4199 950 4252 B
967 4169 1051 4275 rodeli
1070 4197 1124 4263 (sic)
1144 4199 1180 4252 H
