3252 4964
353 399 413 462 168
779 402 857 464 1113,
878 402 957 453 8-9

350 578 465 632 testate
487 567 559 652 pari
575 580 796 655 quotcumque
812 583 943 636 senatus
959 575 1099 639 creuerit
1112 574 1302 659 populusne
1316 575 1385 641 ius-

350 672 436 750 serit,
461 682 510 736 tot
531 684 638 737 sunto.

414 775 519 860 Regio
547 775 684 860 imperio
712 778 777 841 duo
803 789 916 857 sunto,
948 780 1037 864 iique
1064 786 1266 865 praeeundo,
1296 788 1385 854 iudi-

351 881 465 957 cando,
490 880 691 944 consulendo
712 892 884 964 praetores,
909 882 1043 962 iudices,
1065 888 1215 953 consules
1238 891 1385 974 appella-

320 983 456 1063 ⁵mino:
481 983 617 1047 militiae
640 1005 806 1047 summum
828 985 879 1048 ius
901 985 1056 1064 habento,
1081 990 1208 1054 nemini
1229 1005 1382 1076 parente:

352 1086 425 1150 ollis
447 1087 535 1150 salus
556 1088 673 1171 populi
694 1108 846 1170 suprema
867 1087 923 1152 lex
944 1101 1022 1154 esto.

415 1190 579 1253 Eumdem
601 1190 842 1275 magistratum,
866 1191 902 1254 ni
923 1192 1135 1257 interfuerint
1157 1197 1272 1262 decem
1295 1201 1415 1278 annii)

351 1315 393 1356 ne
417 1293 490 1376 quis
512 1293 632 1377 capito:
657 1294 833 1358 aeuitatem
855 1294 968 1358 annali
989 1295 1061 1382 lege
1084 1310 1246 1364 seruante.

416 1399 476 1459 Ast
498 1397 629 1479 quando
652 1397 801 1461 duellum
821 1399 955 1482 grauius
980 1400 1182 1483 qrauioresue
1206 1403 1384 1470 discordiae

310 1538 334 1580 10
352 1499 477 1563 ciuium
499 1509 623 1579 escunt,
648 1522 751 1564 oenus
773 1523 815 1564 ne
838 1501 979 1584 amplius
1001 1525 1058 1567 sex
1080 1527 1215 1584 menses,
1240 1507 1269 1570 si
1291 1530 1386 1572 sene-

351 1614 405 1667 tus
427 1602 580 1681 creuerit,
605 1603 694 1666 idem
715 1603 797 1667 iuris
819 1605 907 1686 quod
929 1605 994 1669 duo
1017 1608 1167 1671 consules
1189 1619 1316 1689 teneto,
1340 1612 1385 1675 is-

352 1729 415 1789 que
443 1728 504 1770 aue
531 1705 663 1769 sinistra
692 1706 798 1770 dictus
825 1707 940 1790 populi
968 1709 1122 1794 magister
1152 1722 1233 1790 esto,
1259 1714 1385 1797 equita-

352 1965 452 2019 cumq,
473 1948 502 2000 in
514 1915 737 2018 increementa,
751 1965 798 2002 saa
811 1947 935 2017 periculo
952 1948 997 2002 sed
1008 1966 1107 2018 praue,
1121 1951 1158 2004 H
1250 1954 1266 2003 2
1285 1950 1385 2006 sunto*

353 2036 377 2100 (o
395 2054 409 2087 e
427 2039 496 2100 sorr)
514 2036 543 2086 A
677 2035 691 2086 3
710 2034 900 2104 praeecundo
919 2036 947 2088 B
963 2035 1147 2105 preeunssldo
1164 2038 1193 2089 A
1209 2036 1336 2107 peunsdo
1354 2041 1391 2094 H

352 2156 368 2192 a
385 2137 542 2208 praeeundo
559 2136 692 2192 Dauisius
795 2139 812 2189 4
826 2135 981 2192 consuendo
993 2140 1050 2193 AB
1064 2117 1245 2204 adsuetudo,
1264 2141 1294 2194 in
1309 2160 1387 2212 marq

350 2218 545 2306 ‘consulendu
561 2241 731 2295 Heinsianus
834 2239 1015 2312 appellammo
1028 2244 1057 2296 B
1074 2241 1267 2313 appellantes*
1286 2245 1344 2310 (nto
1357 2245 1386 2298 in

352 2332 465 2393 rasura)
483 2333 511 2382 A
534 2325 698 2398 apellsmmo
723 2345 784 2381 corr
799 2331 831 2380 ut
847 2327 956 2380 uidetur
973 2326 1114 2398 apollonio
1132 2329 1169 2381 Η
1188 2327 1387 2398 appellamrnoe

352 2415 489 2485 Berqlcius
511 2413 547 2479 (in
565 2411 759 2483 Philoloqoli,
777 2415 832 2478 186)
947 2416 962 2466 6
981 2411 1044 2467 ollis
1064 2414 1100 2467 R.
1113 2413 1265 2483 Stephanus
1282 2413 1344 2469 orus
1359 2419 1387 2471 B

351 2499 415 2555 *rui
432 2504 456 2567 (ο
475 2503 559 2565 erasa)
572 2502 600 2553 A
621 2499 760 2563 (Halmius
778 2504 874 2565 erratu
891 2485 940 2552 'ius
956 2499 993 2564 (in
1011 2517 1089 2570 nsarq
1102 2497 1184 2564 ''hu1’)
1203 2499 1240 2552 H
1339 2520 1386 2572 po-

353 2586 413 2659 puli
430 2587 560 2641 editiones
577 2583 680 2655 populo
698 2586 792 2639 ΑΒΗ
804 2582 918 2656 populoi
936 2585 1151 2654 Feldbueqelius,
1172 2585 1243 2656 quod
1258 2587 1307 2640 uie
1319 2606 1388 2658 pro-

353 2673 438 2727 babile
456 2677 494 2726 est
598 2668 740 2740 supraema
756 2673 785 2724 A
803 2669 963 2746 suppraema
980 2673 1008 2725 B
1026 2669 1169 2750 supprema
1182 2673 1219 2726 Η
1310 2671 1388 2726 estes

353 2761 384 2823 (o
403 2778 416 2812 e
435 2762 507 2822 corr)
530 2759 556 2810 A
679 2759 694 2808 7
714 2773 776 2809 eum
793 2755 828 2810 de
845 2753 1049 2828 magrirraicum
1066 2756 1094 2808 B
1112 2757 1229 2811 eundem
1247 2759 1285 2812 Η

354 2858 534 2930 mbifuenrA
647 2833 914 2939 minseriiueritH
1012 2861 1028 2912 8
1045 2858 1124 2930 leges
1138 2863 1194 2915 AB
1211 2859 1287 2931 leges
1298 2862 1389 2916 Hein-

353 2966 445 3020 sianus
548 2962 677 3020 seruanro
696 2961 740 3016 air
756 2962 866 3032 quando
886 2961 1054 3017 Heinsianue
1072 2959 1186 3018 seruant
1204 2982 1221 3018 a
1239 2962 1387 3036 i1quando

353 3053 382 3105 B
400 3048 601 3105 seruansosset
618 3049 729 3120 quando
748 3053 772 3116 (o
791 3052 817 3102 et
833 3066 870 3121 qu
888 3067 902 3101 e
919 3066 981 3102 coes
992 3047 1038 3102 sed
1055 3066 1086 3103 et
1103 3066 1186 3103 manu
1199 3053 1245 3120 pr)
1258 3053 1284 3104 A

353 3141 370 3190 9
389 3137 567 3207 grauioresue
585 3136 693 3191 addidit
710 3136 892 3190 Montmsenus
911 3135 972 3200 (iur.
983 3135 1059 3204 publ.
1075 3137 1105 3199 2,
1123 3136 1178 3201 140)
1199 3138 1259 3190 coll.
1274 3136 1387 3191 Claudio

354 3224 384 3277 in
396 3224 450 3278 tab.
463 3224 588 3293 Luydun.
606 3225 629 3287 1,
644 3224 677 3275 28
691 3218 857 3276 ‘dictaturae
874 3220 926 3274 hoc
944 3219 1003 3289 ipso
1022 3218 1161 3274 consulari
1178 3221 1324 3291 imperium
1341 3239 1389 3275 ua·

352 3309 456 3366 lentius
473 3317 612 3381 repertum
629 3307 704 3380 apud
721 3309 839 3362 maiores
856 3313 965 3360 nostros
983 3322 1037 3375 quc
1056 3305 1085 3357 in
1103 3305 1290 3377 asperioribus
1307 3305 1388 3361 bellis

354 3396 449 3451 autin
466 3394 543 3449 ciuili
560 3401 636 3448 motu
656 3392 812 3448 difficiliore
830 3389 994 3446 uterentur.'
1016 3397 1065 3446 aut
1082 3390 1236 3445 discordiae
1252 3391 1389 3446 Turnebus

354 3499 545 3553 discordiaeue
563 3498 720 3563 deteriores,
742 3496 891 3552 Lambinus
1008 3497 1038 3547 10
1058 3468 1161 3548 escun'i
1171 3495 1208 3548 H
1316 3511 1388 3548 unus

355 3581 503 3638 Lambinus
516 3588 601 3654 (quem
613 3585 724 3638 eundem
736 3588 830 3653 postea
842 3599 927 3636 oenus
940 3581 1082 3635 coniecisse
1090 3583 1193 3648 suuni)
1206 3577 1275 3633 ones
1283 3580 1377 3634 ΑΒΗ
1378 3600 1387 3642 ,·

355 3669 385 3724 in
402 3673 430 3722 A
447 3669 478 3724 in
494 3669 615 3743 marqine
633 3669 745 3740 antiqua
763 3686 844 3722 mann
860 3667 897 3721 ad
914 3668 984 3720 buna
1001 3684 1108 3722 uersum
1125 3685 1161 3720 ue
1179 3663 1263 3720 sunto
1280 3665 1389 3719 sirecte

355 3757 517 3826 interpretor
529 3756 666 3825 sanetum,
680 3758 733 3810 lue.
748 3772 783 3809 ne
795 3753 876 3808 sunto
890 3757 931 3820 (ne
944 3739 968 3820 i)
981 3758 1011 3807 ut
1022 3754 1131 3808 uidetur
1142 3753 1179 3806 ad
1191 3748 1259 3806 cnei
1268 3750 1389 3820 Memb-

355 3848 421 3907 eum‚
432 3841 523 3912 itaque
535 3838 648 3896 escunto
660 3859 695 3896 ne
708 3839 789 3895 sunto
798 3840 971 3895 Monacensis
1045 3835 1172 3893 menieisr
1185 3841 1208 3903 (e
1220 3842 1282 3891 ante
1294 3835 1308 3890 i
1317 3854 1387 3900 sorr,

357 3926 448 3983 sante
465 3946 475 3980 1
493 3946 511 3982 a
528 3943 589 3980 corr
605 3927 667 3991 add)
685 3929 713 3978 A
822 3928 852 3978 11
871 3933 964 3981 teneto
987 3923 1124 3980 Turnebus
1140 3941 1284 3978 renunt-o·
1303 3924 1331 3976 B
1347 3939 1390 3975 re-

356 4049 463 4086 nunno*
479 4031 557 4086 sedo
576 4049 588 4084 e
607 4048 667 4084 corr
684 4029 755 4099 [suit
771 4046 877 4083 renunt
894 4033 917 4094 o)
937 4031 965 4082 A
982 4000 1119 4096 renuni⁰q
1137 4027 1174 4079 H
1275 4028 1306 4078 12
1325 4021 1393 4080 aues

354 4115 455 4172 rusius
466 4117 558 4172 ABH
634 4113 807 4186 equitemque
818 4115 867 4185 qui
879 4121 957 4184 regat
973 4113 1110 4168 Turnebus
1122 4111 1276 4182 equitatum
1287 4110 1336 4181 qui
1347 4127 1390 4164 re·

354 4209 403 4272 gat
423 4203 558 4257 drausius
576 4201 783 4272 equitatumque
800 4200 848 4270 qui
865 4206 944 4268 regat
964 4199 1082 4256 Orellius
1102 4213 1390 4268 aequrrssemcumque
