3252 4964
629 427 851 491 11120,48·-49
1196 427 1257 489 207

230 620 349 682 sapere,
375 608 536 681 quantum
558 597 757 681 apparitores
771 596 886 661 uelint.
911 617 1009 680 quam
1025 597 1064 660 ob
1081 618 1157 675 rem,
1175 597 1202 659 si
1218 596 1257 659 de

229 723 394 765 sacrorum
417 699 614 764 alienatione
638 700 814 763 dicendum
836 700 967 784 putasti,
997 721 1096 782 quom
1118 700 1158 763 de
1180 700 1257 762 reli-

228 804 325 890 gione
351 805 439 888 leges
465 824 685 887 proposueras,
714 802 902 867 faciendum
930 803 991 867 tibi
1014 813 1062 866 est
1083 811 1128 880 ut,
1153 802 1258 886 magi-

229 907 382 971 stratibus
404 907 476 992 lege
500 905 700 984 constitutiS,
725 906 765 968 de
787 916 985 990 potestatum
1007 906 1078 968 iure
1101 905 1255 988 disputes.

178 1020 216 1075 49
292 1011 443 1073 Manovs.
474 1009 608 1072 Faciam
628 1009 779 1087 breuiter,
801 1008 828 1072 si
845 1009 999 1093 consequi
1014 1018 1163 1092 potuer03
1179 1029 1287 1074 name

228 1113 378 1197 pluribus
400 1113 510 1176 uerbis
532 1112 661 1195 scripsit
682 1112 725 1175 ad
745 1122 872 1195 patrem
894 1122 990 1175 tuum
1004 1112 1049 1174 M.
1066 1111 1183 1174 Iunius
1205 1131 1257 1174 so-

228 1216 318 1295 dalis
343 1216 447 1300 perite
469 1237 542 1278 meo
565 1214 699 1298 quidem
719 1213 842 1278 iudicio
865 1225 898 1278 et
920 1214 1107 1299 diligentem
1123 1235 1183 1276 nos
1198 1235 1257 1276 au-

227 1328 295 1389 tem
317 1318 356 1382 de
378 1319 452 1381 iure
473 1327 610 1380 naturae
634 1317 775 1402 cogitare
797 1339 855 1401 per
876 1339 936 1382 nos
958 1328 1056 1400 atque
1076 1316 1183 1380 dicere
1200 1316 1257 1379 de-

227 1423 355 1498 bemus,
387 1421 427 1484 de
453 1421 524 1484 iure
551 1419 665 1504 populi
694 1421 837 1485 Romani
864 1442 946 1503 quae
976 1419 1091 1482 relicta
1120 1429 1197 1483 sunt
1225 1430 1258 1482 et

227 1523 355 1586 tradita.
1276 1547 1300 1587 io

291 1627 444 1690 Arrrcvs.
486 1627 540 1691 Sic
566 1648 716 1710 prorsum
744 1649 860 1690 censeo
888 1637 920 1690 et
949 1627 984 1688 id
1014 1624 1136 1709 ipsum,
1170 1626 1257 1709 quod

227 1730 315 1807 dicis,
341 1741 557 1813 expectere*

226 1948 342 2004 aduerso
360 1968 397 2020 qu
415 1950 444 2005 in
461 1969 557 2004 rasura
574 1955 603 2004 A
712 1955 724 2004 1
745 1950 900 2021 sponsores
917 1953 945 2004 B
962 1950 1136 2020 apparraorei
1150 1969 1210 2005 corr
1227 1971 1258 2005 ee

227 2034 279 2106 abp
298 2038 326 2088 A
431 2035 534 2089 uelllnt
551 2037 579 2090 B
694 2040 709 2091 2
728 2055 790 2091 cum
807 2038 852 2090 uel
867 2054 950 2107 quom
967 2039 1109 2091 deteriores
1126 2036 1171 2106 qril
1192 2037 1219 2102 (i.
1233 2056 1255 2090 e.

211 2119 362 2222 ¹quonianp)
380 2121 439 2174 AB
452 2123 533 2191 [quod
550 2133 636 2194 nuper
650 2125 780 2194 probauit
791 2124 949 2188 Muellerus,
970 2141 1016 2193 epe
1027 2124 1109 2192 ferri
1121 2141 1202 2193 posse
1213 2142 1258 2177 ne-

224 2225 267 2294 po}
357 2198 498 2293 ⁸rehg10ne
521 2223 546 2290 (h
567 2245 580 2280 e
599 2230 666 2291 corr)
690 2228 725 2290 B,
746 2227 776 2279 in
794 2245 844 2296 quo
867 2225 979 2291 (omissis
995 2226 1107 2295 reliquis
1123 2243 1204 2296 usque
1222 2227 1258 2279 ad

216 2310 305 2378 anem
324 2307 396 2374 bibra)
419 2310 544 2381 deinceps
557 2330 587 2382 p.
603 2314 660 2376 197,
679 2313 710 2363 14
728 2310 897 2381 annquasns
911 2341 945 2350 —-
957 2330 988 2381 p.
1000 2315 1059 2375 200,
1075 2314 1090 2363 9
1108 2312 1257 2366 ambrnone

225 2400 370 2463 sequuntur·
386 2413 433 2448 suo
452 2398 507 2449 loco
526 2397 625 2450 omissa
711 2400 728 2449 4
746 2396 946 2451 obconsnsuns
959 2398 1054 2462 (obcon
1066 2397 1095 2450 in
1107 2412 1212 2463 rasura)
1229 2401 1257 2451 A

328 2487 496 2549 potestatum
513 2482 574 2537 iure
592 2485 649 2537 eod.
670 2485 849 2548 Monacensis,
868 2483 1005 2536 Turnebus
1027 2485 1127 2552 {confer
1147 2485 1257 2538 Madui-

223 2564 298 2634 pium
317 2567 432 2619 Emend.
448 2585 481 2636 p.
504 2571 565 2630 107)
591 2567 735 2638 potestate
752 2587 815 2622 rum
832 2586 891 2622 lure
910 2571 937 2620 A
960 2571 1033 2630 Quae
1050 2570 1082 2622 de
1094 2573 1256 2638 potestatum

224 2653 283 2704 iure
301 2651 330 2704 in
348 2653 420 2705 exitu
436 2653 515 2706 buius
528 2655 593 2708 libri
603 2655 754 2725 exposuisse
770 2655 919 2709 &cuonem
931 2654 1071 2725 probabile
1088 2661 1135 2719 est,
1156 2674 1186 2708 ea
1203 2658 1256 2708 mi-

225 2754 273 2792 ror
284 2739 538 2809 Reifferscheidium
550 2741 579 2794 in
597 2759 655 2794 eum
673 2742 830 2795 sententiam
848 2741 988 2810 accepisse,
1004 2741 1081 2811 quasi
1091 2742 1137 2795 ille
1148 2743 1198 2795 bae
1209 2743 1256 2796 de-

225 2840 296 2876 mum
309 2829 391 2895 parte
409 2827 603 2880 constitutionis
615 2828 820 2901 mapietratuum
832 2828 1034 2899 explicationem
1048 2835 1095 2882 out
1107 2828 1257 2883 suasionem

226 2909 351 2973 dedisset,
372 2917 541 2966 cumcontra
564 2915 624 2984 e'psa
642 2915 806 2985 comparatio
824 2931 883 2967 eum
900 2931 1036 2967 sacrorum
1052 2915 1215 2968 alienatione
1233 2919 1257 2968 et

225 2995 384 3066 relipionum
402 2997 458 3068 lepe
474 2998 615 3068 manifesto
633 3001 757 3063 declaret,
778 3017 856 3069 main
873 3001 929 3053 uim
945 2999 995 3052 illa
1011 3000 1155 3053 tabuerint
1165 3018 1256 3070 quam-

225 3098 276 3149 que
298 3099 353 3135 non
375 3083 524 3136 obstiterint
543 3085 706 3154 praemissae
728 3086 784 3137 iam
807 3087 839 3138 de
860 3084 1061 3155 maqistratibus
1079 3084 1257 3154 disputationi

224 3167 330 3235 qualem
342 3186 374 3221 ee
386 3173 543 3222 conseruata
554 3171 630 3224 bodie
642 3177 725 3239 purte
737 3189 804 3240 quae
817 3175 855 3224 est
865 3172 898 3224 de
911 3171 1051 3224 tribunatu
1062 3172 1251 3241 eopnosoimus.

327 3255 342 3304 5
361 3252 460 3307 faciam
477 3272 538 3310 corr
556 3272 587 3308 ea
604 3254 703 3309 faelem
719 3259 747 3309 A
842 3274 905 3310 nam
922 3256 1048 3310 editiones
1065 3272 1120 3308 non
1132 3258 1160 3308 A

224 3340 240 3390 6
258 3337 295 3390 ad
311 3339 358 3391 sed
375 3337 394 3391 d
410 3358 423 3392 e
440 3357 501 3393 corr
517 3345 544 3394 A
675 3340 777 3396 sodalis
794 3341 882 3412 perite
898 3359 958 3395 meo
977 3341 1089 3411 quidem
1106 3341 1207 3395 iudicio
1226 3350 1255 3396 et

224 3422 372 3493 diligenter
390 3426 518 3480 editiones
536 3425 638 3507 iodahe
655 3435 747 3498 perltl'l
766 3427 854 3497 (meon
874 3426 956 3497 quide
974 3426 1074 3480 rudrno
1092 3428 1117 3480 bc
1137 3426 1253 3497 drhgent

223 3513 250 3562 A
271 3515 339 3574 (meo
357 3511 386 3564 in
404 3512 477 3565 eeitu
494 3531 588 3566 uersus
605 3513 660 3583 lepi
675 3531 728 3566 non
741 3517 836 3582 potest)
935 3516 1019 3566 inas
1037 3518 1128 3566 autem
1146 3514 1253 3566 Bobius

222 3610 274 3665 nos
289 3599 334 3666 ais
357 3617 379 3677 (τ
396 3632 467 3678 corr,
478 3615 542 3685 suit
559 3616 595 3668 ari
612 3617 657 3670 uel
673 3613 731 3681 aui)
755 3619 783 3669 A
876 3617 891 3666 8
909 3622 1025 3669 naturae
1042 3615 1164 3685 cogitare
1185 3618 1253 3670 Tur-

223 3698 303 3750 nebus
319 3715 387 3752 nate
405 3716 523 3770 cogrran
541 3702 569 3752 A
691 3708 773 3772 etque
795 3701 931 3754 Turnebus
949 3702 1030 3771 &que
1050 3705 1124 3765 (corr
1141 3705 1205 3781 que)
1224 3705 1252 3755 A

311 3785 340 3835 11
361 3783 408 3851 sic]
429 3783 465 3839 sit
478 3789 506 3839 A
598 3804 710 3857 prosum
722 3788 850 3840 Halmius
866 3794 923 3856 peri
935 3791 964 3840 A
982 3787 1106 3857 profecto
1124 3788 1253 3841 editiones

308 3886 382 3956 quod
400 3885 470 3942 dicis
487 3897 615 3959 exspecto
628 3891 755 3944 editiones
766 3888 890 3969 quedrcrs
900 3888 994 3961 specto
1006 3894 1034 3944 A
1121 3878 1151 3962 iel
1165 3904 1254 3946 svm

223 3981 376 4024 cronnonrs
394 3968 559 4028 teneamus
578 3982 668 4029 maes
688 3989 741 4030 ·1n·
761 3982 900 4030 exemeri
920 3979 948 4031 A
