3250 4974
368 423 416 466 χχ
664 415 826 456 anuarino
843 415 941 456 novun
960 413 1107 456 unruours

364 598 477 654 serem,
497 597 566 639 non
581 598 653 639 raro
670 598 819 660 expresse
834 586 971 640 testatus
985 573 1188 660 primitiuam
1203 575 1398 659 scripturam

363 697 399 758 in
426 707 564 792 utroque
586 698 745 762 Vossiano
772 697 880 761 lituris
903 708 935 762 et
958 696 1213 760 correctionibus
1236 695 1397 758 deforma-

363 827 431 880 tam
454 827 486 881 et
509 817 632 881 elutam
650 819 833 881 Heinsiano
857 819 962 882 codici
984 829 1151 902 acceptam
1174 815 1295 896 referri,
1321 838 1397 879 oum

364 947 477 1001 contra
498 938 661 1017 Halmius,
687 939 744 1002 ubi
767 939 846 1022 quid
869 940 933 1002 rasi
955 939 1114 1023 aspiceret
1136 939 1172 1001 in
1186 935 1397 1016 41164444-

365 1081 448 1121 num
463 1058 548 1121 nihil
564 1080 682 1122 curans
704 1059 864 1123 incertam
887 1082 956 1123 rem
979 1082 1046 1124 esse
1062 1069 1095 1122 et
1111 1058 1317 1122 coniecturae
1336 1078 1396 1140 ope

363 1180 524 1242 medelam
546 1180 766 1262 quaerendam
789 1180 989 1246 existimaret
1016 1181 1056 1265 (p.
1073 1187 1141 1258 144,
1159 1186 1192 1257 5;
1210 1185 1279 1258 143,
1299 1185 1330 1256 5;
1345 1184 1394 1256 23,

367 1307 419 1378 103
437 1307 486 1378 44,
498 1307 526 1378 6;
540 1300 580 1363 cf.
592 1301 708 1384 154,3).
724 1299 835 1382 itaque
851 1301 891 1364 de
906 1301 964 1365 illo
977 1323 1106 1385 quoque
1121 1301 1193 1363 loco
1209 1300 1249 1362 ab
1261 1298 1397 1362 Halmio

366 1420 535 1484 discedens
557 1419 603 1484 ita
625 1419 806 1483 iudicaram
820 1421 995 1484 Heinsiani
1015 1421 1090 1487 libri
1105 1419 1264 1485 beneficio
1286 1418 1397 1503 pristi-

363 1563 441 1605 nam
462 1541 638 1605 lectionem
661 1564 678 1604 e
699 1541 866 1604 communi
881 1542 1056 1627 archetypo
1071 1543 1223 1607 haustam
1239 1550 1395 1618 constare,

366 1662 568 1745 eandemque
583 1661 682 1726 luisse
698 1661 734 1724 in
748 1664 779 1726 A
794 1673 869 1726 ante
891 1663 1033 1727 lituram.
1052 1674 1085 1727 at
1098 1663 1161 1727 hoc
1178 1662 1311 1747 quidem
1325 1660 1398 1724 fieri

364 1783 507 1868 potuisse
525 1784 661 1867 negauit
674 1784 843 1862 Iordanua
862 1784 1018 1867 quoniam
1040 1784 1154 1848 eadem
1177 1786 1278 1848 uerba
1299 1782 1397 1866 (modo

362 1903 506 1988 rituque),
532 1926 614 1987 quae
636 1905 736 1970 habet
757 1903 968 1984 Heinsianus,
993 1905 1029 1969 in
1051 1905 1151 1970 litura
1173 1905 1293 1989 scripta
1319 1913 1397 1968 sunt

362 2025 398 2088 in
420 2027 463 2104 A;
488 2047 590 2108 eaque
614 2027 654 2090 de
670 2047 768 2089 causa
781 2027 844 2090 hoc
859 2028 930 2092 loco
945 2026 1151 2112 potissimum
1165 2025 1398 2111 praestantiam

364 2156 397 2210 et
418 2147 584 2231 propriam
605 2147 781 2211 Heinsiani
802 2149 994 2214 memoriam
1016 2147 1183 2212 declarari.
1208 2147 1295 2230 quod
1311 2145 1338 2209 si
1352 2145 1398 2208 ita

364 2289 432 2331 esse
454 2290 561 2352 neque
577 2268 754 2332 Heinsiani
776 2270 971 2354 scripturam
992 2271 1034 2334 ad
1057 2269 1199 2332 eundem
1219 2288 1298 2340 oum
1314 2267 1398 2330 Vos-

364 2387 465 2452 sianis
487 2399 596 2452 ortum
618 2390 724 2453 redire
747 2391 995 2455 concedendum
1016 2402 1107 2470 esset,
1133 2411 1194 2475 ego
1214 2390 1255 2452 ad
1269 2387 1398 2451 Halmii

364 2509 560 2574 sententiam
589 2511 746 2574 accedens
769 2511 809 2574 de
832 2512 1054 2595 recuperando
1081 2532 1159 2574 uero
1183 2510 1395 2593 desperarem.

366 2652 444 2693 nam
466 2641 504 2694 ut
525 2631 561 2693 in
584 2631 790 2716 agnoscenda
812 2631 973 2715 scriptura
987 2631 1156 2715 primitiua
1171 2653 1267 2715 saepe
1282 2630 1398 2694 utilem

365 2773 434 2816 esse
456 2751 680 2816 Heinsianum
702 2752 784 2831 dixi,
809 2751 856 2815 ita
882 2752 918 2815 in
940 2752 980 2816 iis
1002 2775 1086 2837 quae
1113 2754 1211 2837 plane
1234 2761 1357 2816 secreta
1379 2773 1398 2813 a

358 2873 597 2936 ·Vossianorum
620 2873 770 2937 codicum
792 2875 857 2938 fide
879 2874 985 2953 tradit,
1010 2875 1142 2937 nullum
1164 2873 1233 2937 eius
1255 2872 1397 2957 pretium

365 3014 434 3056 esse
456 2993 560 3057 sentio
584 2994 671 3057 ultra
686 2995 891 3059 coniecturae
907 2995 1179 3079 probabilitatem.
1214 2994 1271 3058 sed
1285 2994 1398 3058 Iorda-

366 3136 430 3177 nus
452 3114 488 3177 in
509 3115 572 3178 hac
595 3137 693 3180 causa
713 3116 760 3179 ita
776 3116 849 3201 egit,
875 3138 943 3180 non
958 3128 996 3180 ut
1010 3117 1183 3180 ueritatem
1199 3115 1395 3192 adiuuaret*,

365 3236 423 3298 sed
445 3245 482 3299 ut
503 3236 688 3320 imponeret
709 3237 749 3300 iis
771 3237 799 3300 si
822 3236 879 3320 qui
906 3237 989 3301 forte
1017 3248 1055 3302 ut
1081 3237 1199 3300 assolet
1226 3259 1260 3300 re
1288 3235 1398 3300 minus

366 3355 491 3424 curiose
513 3357 661 3441 inspecta
676 3357 894 3421 calumnianti
907 3360 1007 3422 fidem
1021 3359 1195 3437 haberent,
1219 3368 1252 3421 et
1267 3379 1326 3442 ego
1341 3357 1398 3419 illa

366 3477 576 3542 adnotatione
598 3479 778 3562 paucisque
805 3479 877 3542 aliis
907 3502 975 3543 non
1003 3479 1079 3543 satis
1102 3499 1255 3541 caueram
1272 3478 1397 3540 calum-

365 3598 444 3678 nias,
470 3598 591 3683 quippe
613 3600 712 3664 stulte
728 3602 870 3664 confisus
884 3599 1033 3663 homines
1050 3600 1160 3664 doctos
1175 3620 1243 3662 non
1258 3619 1325 3661 una
1340 3607 1398 3660 aut

366 3718 468 3782 altera
489 3720 618 3803 pagella
639 3720 758 3784 leuiter
779 3721 926 3804 inspecta
948 3721 1005 3784 sed
1024 3719 1123 3785 totius
1142 3720 1247 3785 libelli
1262 3718 1397 3783 consilio

432 3959 448 3992 *
465 3958 512 4013 Ad
528 3965 635 4013 textum
651 3977 721 4030 quae
739 3960 883 4015 adnotauit
900 3979 927 4032 p.
941 3963 988 4014 231
1005 3978 1067 4014 cum
1081 3961 1115 4015 iis
1128 3978 1198 4031 quae
1210 3979 1236 4032 p.
1251 3963 1301 4014 226
1315 3961 1398 4031 scrip·

368 4045 404 4098 sit
421 4044 598 4099 contendenti
616 4046 792 4116 uituperandi
818 4047 947 4118 cupidine
970 4045 1051 4116 plane
1074 4054 1234 4101 occaecatus
1257 4047 1400 4101 uidebitur
1508 4061 1512 4069 ·

368 4131 407 4185 ita
424 4139 457 4186 ut
473 4131 503 4184 in
521 4148 626 4184 summa
643 4149 673 4185 re
691 4131 721 4186 id
738 4132 829 4202 ipsum
840 4132 914 4203 quod
930 4130 1009 4186 uolui
1028 4130 1110 4186 simul
1129 4139 1155 4186 et
1174 4133 1303 4203 reprobet
1316 4139 1343 4187 et
1354 4148 1399 4202 ap-

366 4217 479 4287 probate
499 4234 581 4287 quam
598 4216 695 4271 iudicii
713 4218 900 4272 confusionem
920 4217 1056 4289 explicare
1074 4217 1179 4272 omitto.
