3250 4974
663 434 717 499 13,
740 434 833 487 8-10.
1226 439 1263 497 11

231 607 287 685 bit,
312 606 459 670 incurret
487 606 586 670 etiam
614 605 650 670 in
675 606 772 670 illum
794 605 935 669 diuinum
962 616 995 669 et
1021 604 1267 670 memorabilem

232 731 358 773 annum
384 731 495 772 suum:
525 731 608 793 quae
635 711 675 774 ab
702 710 763 774 isto
786 709 872 773 molo
894 709 1075 793 praedicari
1098 731 1204 792 quam,
1229 720 1266 773 ut

136 893 147 922 ·
233 813 334 892 aiunt,
359 813 399 876 de
422 813 527 877 Remo
550 824 583 878 et
604 812 757 877 Romulo.

295 917 448 980 Murcus.
479 915 639 1001 Intellego
655 916 807 1000 equidem
822 937 842 978 e
855 936 909 978 me
925 915 1027 978 istum
1040 915 1185 979 laborem
1200 915 1267 978 iam

233 1018 290 1082 diu
312 1018 479 1103 postulari,
503 1019 625 1083 Attice:
651 1041 749 1103 quem
768 1040 836 1082 non
856 1039 1048 1097 recusarem,
1067 1016 1094 1081 si
1114 1018 1196 1081 mihi
1214 1017 1267 1080 ul-
1295 1039 1309 1079 s

232 1121 303 1186 lum
318 1121 516 1185 tribueretur
530 1144 675 1186 uacuum
689 1134 819 1205 tempus
834 1131 868 1184 et
881 1120 1035 1200 liberum3
1054 1143 1162 1204 neque
1177 1121 1267 1185 euim

233 1235 391 1308 occupata
413 1246 511 1308 opere
532 1247 639 1308 neque
661 1224 809 1309 inpedito
832 1224 942 1287 animo
965 1245 1016 1288 res
1035 1233 1127 1288 tanta
1146 1224 1267 1308 suscipi

231 1337 353 1410 potest:
380 1332 557 1411 utrumque
580 1349 662 1412 opus
685 1338 741 1407 est,
767 1338 800 1391 et
823 1349 901 1391 cura
923 1348 1040 1392 uacare
1066 1338 1100 1391 et
1124 1327 1265 1412 negotio.

193 1451 211 1507 9
296 1431 449 1494 Amcvs.
486 1430 764 1510 Quidadoetera,
782 1452 866 1515 quae
882 1430 1038 1514 scripsisti
1057 1431 1267 1514 pluraquam

234 1534 405 1617 quisquam
427 1555 445 1598 e
467 1534 594 1613 nostris,
620 1536 707 1617 quod
730 1533 790 1597 tibi
812 1533 946 1598 tandem
967 1544 1098 1617 tempus
1123 1555 1267 1597 uacuum
1286 1549 1310 1592 1o

232 1635 296 1701 fuit
317 1639 528 1701 conoessum?

296 1741 447 1805 Murcus
472 1737 645 1804 Subsiciua
656 1740 817 1824 quaedam
828 1740 1169 1824 temporaineurrunt,
1184 1760 1267 1822 quoe

234 1866 292 1930 ego
307 1844 413 1928 perire
429 1819 687 1927 norffitio'isut,
702 1843 729 1907 si
745 1843 802 1926 qui
817 1843 886 1907 dies
902 1843 943 1906 ad
958 1842 1185 1907 rusticandum
1201 1843 1268 1907 dati

233 1948 306 2024 sint,
332 1947 374 2010 ad
396 1968 510 2011 eorum
531 1967 707 2010 numerum
729 1946 1021 2010 adcommodentur
1046 1968 1128 2029 quae
1153 1945 1267 2010 scribi-

233 2071 319 2114 mus:
349 2048 485 2114 historia
511 2071 590 2113 uero
617 2070 679 2112 nec
706 2048 835 2114 institui
861 2059 969 2133 potest
990 2049 1054 2114 nisi
1075 2059 1310 2134 praeparatos

233 2152 299 2217 otio
321 2175 383 2216 nee
403 2154 522 2238 exiguo
542 2162 687 2236 tempore
708 2153 846 2231 absolui3
871 2164 905 2217 et
923 2175 983 2238 ego
1002 2153 1106 2217 enimi
1124 2153 1268 2238 pendere

233 2256 328 2335 soleo,
354 2278 430 2320 oum
453 2255 554 2320 semel
569 2255 649 2339 quid
671 2277 762 2322 orsus
784 2277 861 2334 sum,
886 2255 913 2319 si
935 2256 1088 2320 traducor
1110 2255 1183 2333 alio,
1209 2277 1268 2318 ne-

234 2380 297 2441 que
320 2369 388 2422 tam
410 2359 505 2430 facile
527 2359 711 2442 interrupta
734 2369 872 2422 contexo
895 2380 995 2442 quem
1016 2359 1150 2423 absoluo
1172 2357 1268 2422 insti-

234 2472 313 2525 tute.

185 2588 223 2642 10
297 2566 450 2630 Armovs.
480 2565 695 2651 Legationem
721 2564 867 2648 aliquam
892 2563 1051 2627 nimirum
1076 2563 1139 2628 iste
1165 2563 1268 2627 oratio
1286 2583 1311 2626 io

234 2874 279 2910 mr
301 2858 347 2911 sed
368 2857 412 2911 b1r
424 2873 464 2926 pr
487 2874 549 2910 corr
568 2859 596 2912 B
618 2829 787 2927 inlustrebrlr
809 2858 846 2910 H
976 2857 988 2908 1
1013 2853 1092 2908 illum
1115 2873 1145 2909 et
1162 2857 1219 2911 AB
1236 2853 1270 2909 rl-

232 2942 292 2997 lum
309 2944 346 2997 H
462 2940 588 2997 diuinum
606 2943 717 2996 addidi:
736 2945 831 3013 eonfor
850 2941 972 3014 Ptittpp.
988 2943 1035 3006 13,
1053 2943 1099 3006 19,
1114 2943 1149 2994 14
1166 2958 1270 2994 memo-

233 3027 330 3084 rabilis
354 3044 386 3082 eo
410 3026 505 3082 diuina
528 3025 632 3092 uirtus;
653 3028 775 3100 adsum.
793 3029 855 3094 1‚9,
874 3030 904 3081 18
928 3026 1162 3081 commemorande
1180 3032 1208 3080 et
1226 3025 1270 3080 di-

234 3113 300 3168 uina
316 3111 484 3178 liberalitas,
505 3117 531 3166 et
548 3113 651 3168 sinilia
668 3132 756 3184 saepe,
777 3112 874 3167 diuino
892 3118 920 3167 et
937 3111 1064 3182 egregie,
1086 3110 1186 3165 eximia
1199 3109 1270 3164 diui·
1298 3123 1300 3128 ’

234 3216 332 3270 neque,
353 3197 526 3254 incredibilis
544 3205 572 3253 et
589 3197 686 3253 diuina
702 3198 802 3264 uirtus,
818 3197 915 3252 diuina
933 3204 961 3253 et
977 3196 1135 3252 incredibili
1146 3196 1201 3250 fide

233 3284 408 3340 memorabile
420 3301 552 3338 mannum
562 3286 591 3339 B
601 3286 648 3338 sed
653 3301 706 3355 per
716 3301 842 3339 rasuram
854 3288 1000 3339 correctum
1098 3285 1114 3335 2
1127 3284 1204 3352 quoe]
1217 3298 1270 3360 que

235 3388 295 3425 cort
307 3375 360 3440 que
371 3371 409 3424 H
482 3372 497 3422 3
516 3388 595 3425 amur
612 3371 642 3423 in
658 3371 782 3438 liturafA
877 3386 954 3425 romo
973 3386 1034 3423 corr
1051 3385 1125 3422 remo
1137 3371 1177 3433 B,
1199 3368 1270 3424 idon

233 3454 340 3511 remulo
358 3456 405 3530 sed
424 3474 464 3526 pr
481 3473 543 3509 corr
663 3458 679 3507 4
697 3455 798 3527 equrde
817 3473 879 3510 corr
895 3474 927 3510 σε
945 3454 1052 3526 aequrde
1070 3459 1100 3508 ut
1116 3455 1225 3509 uidetur
1242 3457 1270 3510 B

338 3545 353 3594 5
378 3540 543 3595 reeuslarem
561 3541 607 3596 eod
624 3542 638 3596 1
648 3541 730 3612 prior
747 3560 852 3596 erorum
870 3543 898 3595 A
1020 3544 1035 3594 6
1052 3538 1183 3612 rempsus
1199 3539 1223 3608 (l
1240 3546 1271 3594 ut

234 3645 343 3699 uidetur
360 3645 479 3709 deletum)
498 3646 526 3698 A
629 3641 748 3698 hberum
765 3647 812 3700 red
830 3662 877 3699 um
894 3645 924 3699 in
941 3644 1026 3698 litura
1044 3647 1072 3698 A
1174 3647 1188 3695 7
1208 3618 1271 3698 ooir-

234 3747 299 3801 psra
317 3731 343 3782 A
446 3729 579 3801 impedrro
597 3730 661 3784 BH
761 3729 910 3785 emmores*
930 3735 952 3798 (τ
969 3732 1081 3794 aarum)
1101 3732 1129 3785 B
1147 3723 1215 3801 ”urin
1230 3727 1275 3783 res

237 3833 273 3898 (in
290 3850 376 3903 moro.
398 3831 506 3898 ''ommol
520 3833 556 3886 H
645 3834 661 3885 8
680 3848 745 3887 oure
763 3838 786 3900 (o
798 3838 866 3901 corr)
880 3836 909 3888 A
996 3836 1012 3887 9
1030 3797 1214 3904 quodeietere
1225 3833 1272 3887 sed

232 3917 302 3988 qurd
320 3937 381 3972 corr
397 3921 425 3973 A
554 3935 647 3998 cetera
665 3934 718 3988 que
731 3921 767 3974 H
899 3923 930 3972 10
948 3920 1002 3974 ribr
1022 3924 1038 3986 (ι
1052 3919 1131 3988 prim
1150 3921 1216 3981 corr)
1241 3919 1269 3970 A

323 4008 352 4058 11
367 4001 522 4060 conoessum
532 4004 703 4059 Heinoianus
715 4006 865 4060 oonoenlul
873 4007 930 4060 AB
1037 4007 1067 4058 12
1080 4005 1183 4075 queH

235 4110 268 4162 14
292 4081 503 4163 stioommodenl
525 4110 582 4163 AB
605 4105 814 4162 accommodenl
836 4111 873 4164 H
1007 4094 1121 4162 16²'eriu
1140 4106 1176 4169 (in
1193 4123 1272 4174 marq

234 4197 339 4278 ''emmb
352 4212 389 4266 H
461 4213 490 4263 17
504 4210 571 4282 quid
582 4210 587 4279 Ι
599 4210 695 4265 *orsus
712 4211 738 4276 (d
751 4230 765 4264 e
779 4216 844 4277 corr)
862 4213 898 4266 H
970 4210 1050 4266 orsus
1059 4209 1080 4263 1⁴1
1089 4208 1182 4263 ABH
1190 4225 1271 4262 orsus
