3260 4968
372 431 433 492 120
782 440 805 480 11
825 428 865 492 15,
881 427 993 480 as-ao

367 603 438 678 bus,
462 610 521 663 aut
541 599 604 662 hae
623 599 798 663 dulcedine
814 600 1063 683 corruptelaque
1079 602 1258 685 deprauati,
1276 614 1315 666 ut
1330 605 1404 688 qui-

369 704 445 767 dam
466 712 593 786 putant,
618 713 676 766 aut
698 723 774 766 cum
796 702 953 767 seueritas
976 725 1089 768 eorum
1111 707 1152 768 ob
1172 705 1236 769 alia
1251 705 1333 770 uitia
1349 730 1403 772 ee-

369 806 507 884 cidisset‚
536 816 609 870 tum
635 805 700 868 fuit
726 804 918 870 inauribus
942 805 1124 891 animisque
1146 809 1281 874 mutatis
1304 811 1403 876 etiam

367 910 447 974 huic
470 909 645 973 mutationi
667 909 767 973 locus.
792 930 891 991 quem
910 910 951 972 ob
967 932 1037 973 rem
1051 909 1108 974 ille
1124 911 1257 994 quidem
1272 913 1404 997 sapien·
1415 923 1454 984 39

338 1033 351 1073 s
368 1014 511 1078 tissimus
526 1011 686 1079 Graeciae
708 1010 761 1075 uir
781 1012 944 1095 longeque
967 1013 1173 1077 doctissimus
1194 1017 1292 1080 ualde
1315 1017 1404 1080 hanc

367 1118 476 1181 labem
497 1125 645 1194 ueretu13
669 1126 769 1199 negat
790 1114 880 1178 enim
902 1116 1022 1180 mutari
1045 1139 1138 1201 posse
1158 1118 1299 1182 musicas
1314 1120 1403 1204 leges

368 1221 438 1284 sine
461 1218 644 1284 mutatione
665 1219 778 1302 legum
799 1219 1016 1302 publicarum.
1042 1242 1101 1305 ego
1124 1230 1235 1284 autem
1258 1244 1320 1286 nec
1336 1234 1404 1287 tam

367 1324 465 1387 ualde
498 1322 534 1385 id
567 1321 751 1385 timendum
784 1344 846 1384 nec
875 1323 973 1406 plane
1004 1325 1282 1388 contemnendum
1310 1337 1402 1411 puto.

367 1426 452 1490 illud
481 1425 614 1508 quidem
642 1424 745 1500 uideo,
776 1446 859 1509 quae
886 1426 1034 1490 solebant
1062 1428 1228 1510 quondam
1256 1430 1403 1514 conpleri

325 1545 351 1587 lo
368 1529 541 1594 seueritate
565 1527 713 1591 iucundo
734 1526 885 1592 Liuianis
913 1540 946 1592 et
966 1529 1147 1594 Naeuianis
1173 1532 1286 1612 modis,
1312 1556 1402 1597 nunc

369 1752 428 1789 cero
446 1753 532 1804 caepe,
550 1732 681 1787 mollitias
699 1734 770 1803 quod
786 1733 869 1788 sciam
887 1751 1018 1803 nusquam
1036 1738 1225 1806 appellauerit.
1246 1738 1340 1791 addito
1356 1757 1403 1793 au-

369 1827 421 1876 tem
438 1827 468 1874 ut
486 1820 521 1874 ad
539 1838 615 1873 suum
632 1837 728 1873 nomen
745 1819 917 1873 nanciscatur
934 1817 1078 1873 mollitiam
1095 1827 1157 1875 ante
1174 1820 1288 1876 mollitis
1308 1828 1334 1877 et
1350 1841 1402 1877 sne·

368 1907 471 1961 moriae
483 1907 609 1960 librorum
619 1907 699 1976 plene
710 1907 778 1959 satas
787 1909 829 1976 fit
841 1911 867 1959 et
878 1906 1016 1971 sententia,
1033 1907 1198 1961 lenocinante
1211 1909 1305 1977 positu
1317 1910 1402 1978 paula

368 1993 538 2048 insolentiore
555 1994 760 2058 uocabulorum,
780 1991 924 2062 ineipniter
941 1993 1103 2058 adiuuatur;
1123 1993 1152 2048 in
1171 2013 1198 2047 eo
1217 1995 1288 2048 enim
1305 2014 1403 2051 nauus

368 2079 606 2152 arpumentationis
624 2084 670 2143 est,
691 2079 762 2148 quod
774 2079 883 2148 pariter
902 2079 935 2143 (t.
954 2098 976 2133 e.
993 2080 1090 2132 simul:
1103 2096 1191 2148 praue
1209 2082 1280 2134 enim
1298 2082 1328 2135 id
1338 2101 1404 2155 quo-

369 2186 418 2238 que
429 2167 548 2238 περαίαν)
567 2183 626 2219 eune
643 2165 752 2220 mollitis
771 2166 893 2219 euntibus
910 2183 995 2219 morae
1007 2167 1044 2219 ad
1055 2167 1199 2220 mollitiam
1217 2168 1291 2238 lapsi
1308 2169 1403 2222 immu-

368 2254 421 2308 tati
436 2254 579 2312 dicuntur:
598 2252 711 2322 denique
730 2252 864 2322 quidquid
885 2252 1067 2306 abundantiae
1091 2258 1130 2307 est
1153 2253 1182 2306 in
1205 2254 1254 2308 illu
1272 2256 1400 2320 natione,

365 2339 438 2411 lapsi
461 2339 497 2394 ad
520 2337 665 2392 mollitiam
681 2337 819 2392 immutati
837 2345 910 2403 sunt,
930 2339 1117 2392 consuetudine
1126 2342 1277 2410 firmatur:
1295 2339 1403 2394 blandi·

367 2433 459 2481 menta
476 2425 578 2495 quibus
596 2424 686 2496 sopito
703 2423 794 2478 uirtus
813 2423 974 2477 couniueret
991 2424 1130 2478 interdum
1141 2444 1196 2495 pro
1210 2427 1281 2481 Cael.
1297 2428 1336 2491 17,
1351 2429 1400 2491 41;

368 2512 402 2567 de
420 2511 546 2566 manibus
564 2510 810 2564 audacissimorum
827 2509 930 2563 ciuium
947 2507 1061 2580 delapsa
1073 2528 1148 2564 arma
1166 2511 1227 2582 ipsa
1245 2511 1404 2566 ceciderunt

368 2599 400 2652 da
418 2600 464 2669 off.
485 2599 508 2662 1,
523 2599 565 2660 22,
581 2599 627 2660 77;
649 2613 683 2648 ne
706 2595 841 2648 uarietate
867 2601 895 2648 et
912 2593 1138 2650 dissimilitudine
1155 2614 1248 2650 rerum
1267 2597 1403 2652 deductus

367 2683 476 2737 animus
493 2682 522 2734 in
541 2698 661 2736 errorem
680 2680 821 2735 deferatur
844 2682 876 2734 de
894 2681 950 2735 inu.
972 2683 996 2746 2,
1013 2685 1054 2746 36,
1074 2686 1133 2746 109;
1161 2681 1263 2736 animal
1286 2700 1349 2737 cum
1369 2701 1404 2738 ex

367 2775 446 2822 utero
466 2768 590 2838 elapsum
607 2766 710 2820 excidit
727 2768 757 2821 de
776 2772 831 2820 nat.
850 2769 922 2823 deor.
940 2769 1100 2833 2,51‚128;
1122 2769 1180 2822 alia
1197 2771 1290 2836 multa]

278 2863 279 2868 ’
368 2871 501 2908 mmueen
519 2853 583 2906 BH
596 2869 739 2906 smmurau
757 2855 785 2906 A
892 2855 903 2904 l
929 2853 1088 2924 corruptela
1106 2872 1176 2924 quae
1195 2858 1223 2908 A
1242 2855 1403 2925 corruptela

369 2974 423 3037 que
439 2957 486 3010 sed
503 2971 515 3009 ι
533 2956 649 3010 deletum
667 2957 702 3010 H
805 2958 821 3008 2
844 2972 940 3009 corum
956 2974 1017 3010 corr
1035 2975 1129 3011 eorum
1147 2959 1176 3011 A
1195 2933 1267 3037 qll02
1284 2959 1313 3012 B
1335 2975 1404 3027 quo·

365 3043 434 3134 rudi
447 3079 484 3132 H
505 3053 506 3058 Ἰ
566 3041 602 3145 all
621 3077 666 3136 H:
687 3078 806 3145 (utraque
822 3076 959 3146 sumptura
972 3076 1068 3145 prodit
1080 3076 1174 3146 quibus
1192 3078 1295 3132 mendis
1313 3077 1404 3131 serila

368 3164 520 3219 Heinsiani
529 3163 684 3235 corripendo
697 3163 727 3216 in
745 3180 849 3216 errores
860 3162 1015 3228 deducatur)
1104 3179 1176 3216 urere
1193 3165 1222 3217 B
1308 3165 1323 3215 3
1341 3181 1404 3216 tum

367 3269 429 3305 corr
446 3271 478 3305 en
496 3268 558 3304 cum
577 3251 644 3303 ΑΗ
743 3245 841 3302 amm1l'
856 3267 898 3302 om
915 3266 969 3350 que
989 3249 1025 3302 H
1124 3247 1404 3314 enumerarem

368 3337 455 3416 edos)
475 3355 503 3408 A
606 3355 732 3432 ogrecre
751 3353 785 3406 H
887 3349 1049 3406 docuimus
1064 3353 1092 3404 A
1204 3354 1342 3405 tmarun
1359 3353 1400 3416 H,

368 3457 428 3492 corr
444 3456 548 3492 murari
568 3440 597 3492 A
706 3430 811 3508 possem
829 3435 918 3490 usrees
936 3435 1247 3508 eorrposse*mus1cas
1263 3440 1290 3492 B

365 3523 445 3593 leges
459 3523 516 3578 ime
534 3542 593 3578 corr
610 3541 642 3577 en
657 3522 786 3578 lecelsem
804 3525 832 3576 A
849 3519 924 3577 leues
940 3520 997 3576 lem
1017 3524 1053 3576 H
1153 3525 1168 3574 1
1186 3541 1359 3577 mutenone*
1374 3525 1403 3577 A

475 3608 595 3678 lengum
608 3611 635 3678 (g
652 3628 684 3663 aa
701 3627 716 3663 c
735 3627 796 3664 corr
812 3614 843 3662 nt
859 3609 973 3672 uidetur)
987 3611 1015 3661 A
1033 3606 1150 3679 lexlcum
1169 3611 1205 3662 H
1313 3608 1405 3680 publr-

367 3710 461 3748 earum
478 3698 505 3760 (u
524 3700 641 3749 extrema
660 3696 727 3759 corr)
747 3696 775 3748 A
793 3692 933 3767 pubheam
948 3711 1007 3747 rem
1025 3693 1059 3748 H
1149 3695 1164 3746 8
1184 3693 1213 3747 1d
1232 3698 1260 3748 A
1278 3695 1323 3749 luc
1342 3713 1405 3749 corr

367 3780 396 3834 in
415 3779 443 3833 rd
462 3781 490 3833 B
576 3780 774 3834 mdumendum
790 3781 816 3833 ei
831 3784 901 3834 reete
918 3780 1079 3850 interpretor
1095 3796 1157 3834 corr
1174 3785 1204 3834 ut
1221 3782 1257 3834 eit
1274 3781 1404 3835 1dumen-

368 3865 434 3920 dum
449 3867 486 3920 H
568 3865 818 3936 contempnendum
835 3869 863 3922 B
954 3864 1072 3919 tuideo
1090 3867 1189 3920 addidi
1274 3867 1405 3936 quoneda

367 3969 438 4040 (suit
455 3967 582 4040 quomdt)
602 3970 629 4021 A
647 3943 739 4039 quidsi
756 3971 792 4022 H
895 3971 925 4021 lo
946 3969 1126 4024 seueritatem
1144 3971 1209 4024 AH
1306 3986 1404 4022 meun-

367 4055 403 4110 da
421 4061 447 4123 (u
464 4056 543 4126 prior
559 4056 589 4109 in
606 4072 705 4108 rasura
723 4057 792 4119 corr)
812 4056 840 4107 A
858 4053 977 4108 iocunde
993 4056 1030 4109 H
1137 4053 1264 4109 neureml
1279 4055 1307 4108 B
1324 4071 1402 4108 neur-

366 4134 416 4214 anl
426 4161 454 4214 A
471 4158 589 4213 neumns
598 4161 634 4214 H
716 4175 789 4212 nunc
806 4164 839 4211 ut
856 4157 952 4212 eadem
970 4157 1102 4223 exultent,
1122 4157 1245 4212 ceruices
1256 4157 1403 4212 deteriores

363 4248 497 4312 nonnulli,
520 4245 656 4302 Victorius
672 4263 745 4300 nune
762 4263 827 4299 tute
842 4245 922 4300 adem
935 4244 1040 4300 exult&
1053 4243 1177 4299 cermeel
1187 4246 1254 4299 AH
1261 4260 1402 4298 nuncnune
