3252 4964
344 393 403 455 134
754 401 777 442 11
795 391 836 454 20,
852 390 972 441 00-00

341 573 408 626 tem
429 562 589 646 pecuniae
605 560 721 644 capiat,
739 571 797 624 aut
819 560 846 624 si
868 560 972 624 maior
993 581 1068 644 pars
1089 557 1250 644 pecuniae
1264 558 1372 644 legata

342 674 391 728 est
411 665 439 727 si
460 664 538 727 inde
561 663 732 748 quippiam
755 663 886 747 ceperit.
909 664 966 727 sed
980 663 1172 746 pontificem
1186 684 1369 745 sequamur.
1382 671 1423 727 50

292 776 294 780 ’
341 767 460 831 uidetis
482 767 584 853 igitur
606 767 717 831 omnia
738 767 880 851 pendere
904 788 945 829 ex
966 786 1034 829 uno
1056 765 1122 845 illo,
1148 765 1236 848 quod
1262 765 1372 849 ponti-

340 873 418 934 fices
442 892 518 935 cum
538 871 681 955 pecunia
703 892 794 934 sacra
816 868 973 954 coniungi
995 868 1114 932 uolunt
1134 868 1304 952 isdemque
1323 868 1372 932 fe-
1473 851 1476 858 Α

310 974 404 1037 arias
432 985 464 1038 00
493 973 706 1037 caerimonias
735 973 963 1036 adscribendas
990 982 1118 1055 putant.
1145 981 1244 1056 atque
1273 972 1373 1036 etiam

341 1078 422 1141 dant
443 1076 506 1142 hoc
522 1075 707 1155 Scaeuolae,
737 1097 837 1159 quom
859 1086 908 1139 est
928 1075 1069 1158 partitio,
1095 1085 1140 1154 ut,
1166 1074 1194 1139 si
1214 1074 1252 1137 in
1273 1085 1372 1140 testa-

341 1190 452 1243 mento
476 1181 616 1243 deducta
638 1179 758 1262 scripta
780 1201 848 1243 non
870 1179 912 1242 sit
933 1178 1061 1263 ipsique
1089 1178 1198 1242 minus
1226 1179 1373 1262 ceperint

341 1305 440 1366 quam
470 1282 621 1347 omnibus
650 1282 825 1346 heredibus
856 1281 1073 1365 relinquatur,
1104 1281 1202 1345 sacris
1229 1303 1271 1344 ne
1299 1281 1373 1344 alli-

340 1397 467 1470 gentur.
492 1385 528 1448 in
551 1384 725 1448 donatione
748 1385 811 1449 hoc
832 1385 921 1449 idem
943 1407 1036 1448 secus
1056 1384 1322 1468 interpretantur,
1340 1395 1373 1449 00

299 1509 323 1550 00
341 1490 429 1572 quod
450 1499 543 1573 pater
564 1489 704 1552 familias
726 1489 763 1553 in
785 1482 855 1552 eius
871 1488 1054 1567 donatione,
1073 1487 1130 1571 qui
1144 1487 1181 1551 in
1195 1487 1298 1572 ipsius
1313 1510 1373 1572 po-

341 1600 456 1656 testate
486 1603 541 1672 est,
572 1592 773 1676 adprobauit,
802 1602 910 1655 ratum
939 1602 1000 1670 est,
1029 1592 1118 1675 quod
1144 1613 1182 1655 eo
1211 1591 1371 1656 insciente

340 1803 650 1811 ————-—-·

340 1929 520 2023 mausparre
537 1969 659 2023 pecumae
667 1953 671 2022 Ι
680 1969 774 2023 capras
782 1979 788 1992 ·
796 1952 860 2022 Aur!
870 1951 891 2007 10
907 1969 995 2006 molor
1013 1950 1079 2022 pars
1086 1951 1188 2021 0000010
1199 1957 1278 2005 suut:
1291 1951 1322 2005 ia
1334 1954 1372 2006 lo-

341 2058 370 2093 00
388 2058 451 2094 raso
470 2056 563 2110 parrae
581 2039 676 2093 uideor
693 2056 834 2111 000000ον0
970 2040 982 2090 1
1003 2038 1069 2109 pars
1083 2037 1207 2108 peclmae
1224 2040 1253 2091 A

341 2129 355 2178 2
375 2143 499 2196 000000οτ
515 2127 572 2180 AB
590 2142 696 2204 ceperis
706 2126 743 2179 H
806 2123 973 2195 pontificem]
988 2125 1147 2178 Scaeuolam
1163 2124 1239 2188 dicit,
1256 2142 1332 2194 quem
1340 2143 1371 2196 0.

343 2214 400 2278 133,
417 2213 448 2264 10
466 2211 623 2277 nominauit,
636 2210 682 2264 cui
691 2211 786 2264 ibidem
794 2207 924 2280 ‘antiqui'
940 2215 1115 2280 0000000000,
1128 2209 1229 2264 errauit
1241 2211 1373 2265 Halmius

444 2317 459 2366 3
478 2313 548 2386 pede
566 2333 627 2369 corr
643 2288 713 2384 pride
730 2317 757 2368 0.
772 2333 793 2368 0.
811 2313 931 2384 pendere
950 2316 986 2369 H
1084 2312 1227 2384 pontifices
1248 2331 1310 2367 cum
1327 2331 1373 2384 pe·

340 2418 422 2473 cunia
440 2435 517 2472 sacra
528 2417 692 2487 Maduipius
706 2420 782 2488 (000.
796 2420 820 2483 2,
836 2420 890 2484 156)
909 2417 1046 2489 ponnfrcr'r
1057 2392 1170 2495 0000οῘ0
1181 2391 1256 2471 sacri
1267 2419 1296 2470 A
1306 2435 1374 2487 pon·

339 2520 587 2591 nircumlpecuma
604 2519 678 2575 sacro
698 2523 767 2584 (corr
784 2539 816 2574 00
833 2520 916 2584 locro)
936 2523 964 2575 Β
980 2519 1147 2591 ponufrcum
1164 2536 1281 2590 pecuma
1298 2518 1372 2573 sacro

341 2624 480 2676 cungungr
494 2607 551 2672 (sic)
569 2607 605 2660 H
695 2611 711 2660 4
730 2605 822 2672 ferias]
838 2605 1006 2661 hereditates
1024 2607 1204 2660 Mommsenus
1298 2608 1313 2657 5
1331 2622 1373 2684 cp

340 2691 477 2746 remomal
491 2694 519 2745 A
536 2691 698 2746 senmomal
714 2693 750 2746 H
870 2693 967 2762 purarT
985 2709 1046 2746 corr
1063 2711 1095 2746 00
1112 2709 1198 2761 puras
1215 2695 1243 2746 A

461 2777 619 2831 6100000100
636 2779 664 2830 Β
682 2776 789 2857 1000010
808 2780 842 2832 H
965 2795 1048 2848 quom
1065 2777 1200 2832 Dauisius
1217 2777 1292 2848 quod
1312 2775 1371 2847 (qd)
1407 2771 1408 2778 ’

340 2864 435 2917 ABH
452 2863 498 2932 Cf.
515 2864 798 2934 MadaiqiasOpp.2‚
815 2865 872 2917 156.
967 2881 1086 2935 paruero
1104 2864 1231 2919 distinete
1249 2867 1285 2918 Η

341 2953 403 3005 Ηο0
416 2967 517 3002 comma
529 2948 603 3018 quod
622 2957 664 3003 000
681 2949 803 3020 partitio,
823 2951 895 3021 qaod
913 2968 943 3004 ea
958 2969 986 3020 p.
1004 2952 1061 3015 137,
1077 2951 1092 3002 3
1111 2950 1302 3020 interpolatam
1319 2967 1371 3003 asse

342 3035 471 3090 Halmius
489 3040 514 3088 01
532 3035 661 3090 Baitarua
673 3037 764 3090 Balsio
782 3037 960 3101 crediderant,
983 3054 1041 3090 eum
1058 3036 1200 3103 manifesto
1217 3036 1372 3090 detrimenta

340 3122 486 3176 sententiae
504 3121 617 3188 tollitur,
636 3127 665 3174 ut
682 3127 707 3175 et
724 3123 772 3176 illa
790 3141 816 3176 u.
834 3125 845 3174 l
861 3121 884 3176 si
896 3122 983 3176 maior
995 3139 1059 3192 pars
1071 3121 1204 3192 pecuniae
1214 3120 1307 3191 legata
1319 3129 1370 3186 est,

341 3211 435 3280 qartus
451 3207 564 3278 demptis
578 3208 697 3278 pendani
709 3210 836 3278 proxima
854 3209 878 3263 si
895 3209 960 3264 inde
972 3206 1122 3278 quippiam,
1135 3207 1241 3261 iniuria
1253 3206 1373 3261 delentur

427 3298 442 3348 t
461 3294 581 3348 deducta
592 3295 690 3360 ΑΒΗ,
710 3296 781 3364 quod
797 3315 852 3349 esse
859 3313 914 3366 pra
926 3293 1091 3348 deductione
1106 3293 1243 3347 Turnebus
1256 3293 1373 3346 adnota-

340 3383 389 3447 00,
409 3383 456 3452 qui
472 3383 542 3452 quod
559 3381 701 3435 remissam
713 3399 768 3451 000
786 3381 947 3436 remissione
960 3381 1094 3452 Cypriani
1103 3397 1153 3434 usu
1164 3382 1253 3453 affert,
1266 3383 1373 3448 poterat

340 3473 366 3521 at
383 3467 522 3532 offensam,
542 3466 682 3538 repulsam
700 3468 790 3532 citare,
808 3473 832 3521 at
843 3468 938 3521 melius
950 3465 1092 3521 collectam
1107 3467 1147 3532 (00
1160 3485 1198 3520 or.
1211 3470 1236 3532 2,
1247 3469 1288 3531 57,
1297 3467 1370 3531 2330

340 3569 468 3624 deductio
482 3571 587 3624 Bastia
603 3577 709 3625 auctora
721 3571 852 3626 Halmius
864 3576 889 3624 at
900 3571 1029 3624 Baiterus
1115 3569 1166 3640 rpli
1183 3561 1253 3640 quie
1272 3572 1299 3624 Β
1321 3568 1374 3640 rpsr

339 3673 392 3734 quq
406 3656 443 3708 H
449 3673 508 3725 lpse
526 3673 596 3726 quae
613 3676 675 3711 corr
686 3656 792 3728 rpsrque
803 3660 831 3711 A
900 3673 1045 3728 coeperint
1056 3658 1112 3711 AB
1125 3673 1249 3732 ceperam
1262 3657 1299 3710 H
1328 3673 1337 3684 ·

341 3740 530 3811 8rehquarur
546 3746 575 3797 A
678 3743 890 3797 tdonasronem
907 3745 935 3798 Β
1038 3741 1091 3796 hoc
1102 3741 1177 3796 idem
1192 3771 1227 3781 —-
1245 3744 1276 3794 10
1289 3740 1373 3794 dona-

340 3828 415 3884 tione
432 3846 474 3882 om
492 3830 529 3883 H
643 3830 717 3884 rdem
734 3831 790 3882 AB
810 3829 947 3895 (Halmius
965 3833 1049 3894 errat)
1171 3845 1245 3880 mter
1262 3844 1373 3909 presan·

339 3951 388 3988 rur
405 3936 433 3986 A
502 3938 530 3986 00
547 3932 638 3985 omisit
654 3933 805 3986 Lambinus
881 3934 912 3984 10
931 3950 1013 4002 parer
1025 3936 1137 4002 praeter
1153 3949 1171 4002 p
1190 3931 1220 3984 ia
1236 3948 1333 3984 rasura
1344 3931 1372 3982 A

455 4015 627 4089 quml1pl1ul
643 4019 679 4072 H
789 4025 925 4089 potestate
944 4025 1016 4073 esset
1033 4018 1159 4072 aditiones
1175 4023 1312 4088 potestate
1330 4022 1373 4069 est

344 4107 494 4161 Guilelmus
506 4106 594 4160 Olrist
611 4104 738 4175 potestas
741 4102 801 4158 000
818 4108 845 4158 A
863 4104 988 4176 porelral
1003 4088 1041 4158 adr
1058 4105 1125 4158 BH
1224 4104 1253 4154 11
1274 4115 1372 4172 appro-

339 4192 418 4247 bauit
429 4192 559 4246 aditiones
570 4189 749 4262 adpropraurs
761 4192 853 4246 ΑΒΗ
923 4190 1056 4245 msereme
1069 4193 1092 4256 (e
1099 4189 1181 4258 prius
1193 4205 1225 4242 00
1236 4206 1253 4242 0
1265 4189 1332 4254 carr)
1344 4189 1373 4240 A
