3260 4968
632 395 900 460 nan-an
1245 397 1285 462 m

205 571 243 627 15
320 567 481 635 varvs.
513 566 604 634 Quid
626 568 713 650 quod
735 567 916 632 Zaleucum
937 565 1038 630 istum
1060 576 1159 650 negat
1181 565 1289 630 ullum

253 671 353 735 fnisse
375 670 553 734 Timaeus?

315 774 468 838 Menova.
499 775 544 837 At
559 773 810 857 Theophrastus,
828 782 941 836 auctor
955 771 1046 836 haud
1061 770 1201 836 deterior
1216 793 1290 836 mea

253 877 387 961 quidem
418 876 590 955 sententis,
621 875 791 940 meliorem
812 875 910 940 multi
932 875 1119 953 nominant,
1144 896 1288 940 comme-

253 991 382 1044 morant
404 1000 483 1043 uero
498 980 601 1064 ipsius
616 979 714 1058 eines,
732 979 834 1043 nostri
850 978 994 1058 clientes,
1012 977 1118 1042 Loori.
1143 979 1200 1042 sed
1215 978 1286 1042 siue
1318 1002 1332 1041 s

251 1084 318 1148 fuit
346 1082 418 1148 siue
446 1104 515 1146 non
543 1082 615 1162 fuit,
645 1081 731 1148 nihii
753 1082 795 1145 ad
817 1103 900 1146 rem:
924 1080 1090 1164 loquimur
1113 1081 1200 1165 quod
1222 1074 1289 1146 tra-

254 1187 360 1251 ditum
383 1196 441 1249 est.

224 1285 246 1352 'i
321 1289 372 1354 sit
400 1288 502 1373 igitur
530 1289 593 1353 hoo
620 1288 687 1352 iam
709 1310 729 1351 a
750 1287 913 1373 principio
935 1309 1127 1371 persuasum
1150 1287 1287 1368 ciuibus,

252 1393 401 1458 dominos
423 1415 491 1457 esse
507 1391 657 1456 omnium
671 1414 782 1456 rerum
797 1413 834 1455 ao
850 1390 1068 1454 moderatores
1084 1390 1160 1455 deos
1175 1413 1286 1475 eaque,

253 1520 336 1583 quae
358 1507 522 1583 gerantur,
547 1517 661 1560 eorum
682 1495 752 1580 geri
773 1494 897 1558 iudicio
920 1515 957 1557 aa
976 1493 1123 1573 numine,
1141 1495 1288 1558 eosdem·
1306 1515 1333 1559 ro

253 1623 316 1686 que
341 1600 465 1685 optime
487 1600 528 1663 de
550 1620 669 1683 genere
691 1598 865 1663 hominum
888 1598 1006 1662 mereri
1029 1610 1062 1662 et
1076 1598 1181 1681 qualis
1197 1599 1287 1683 quis-

253 1725 317 1788 que
346 1703 396 1784 sit,
428 1702 508 1788 quid
538 1712 620 1787 agat,
650 1700 731 1785 quid
759 1701 795 1764 in
825 1723 858 1766 se
888 1701 1047 1781 admittat,
1080 1723 1144 1784 qua
1167 1712 1284 1780 mente,

254 1980 266 2031 1
288 1978 326 2051 qd
344 1977 381 2048 ed
399 1978 428 2030 r'n
447 1982 565 2032 extrema
588 1975 693 2047 paqina
711 1977 748 2030 H
865 1973 999 2029 2iu1sse*
1019 1976 1091 2046 (snit
1107 1975 1213 2044 fuisse)
1232 1977 1287 2032 rhr-

253 2063 330 2118 meus
339 2064 367 2116 Β
378 2061 462 2118 fuisse
477 2076 533 2116 Ima
546 2077 575 2132 eff
588 2064 624 2117 H
637 2057 721 2115 fuisse
738 2059 862 2142 rhrmeus
871 2079 888 2114 a
900 2062 928 2116 in
939 2079 1036 2116 rasura
1048 2065 1076 2116 A
1162 2065 1213 2130 [De
1226 2081 1288 2116 ora-

253 2150 324 2205 tione
341 2149 490 2204 Zaleucum
507 2147 591 2202 istum
607 2154 691 2217 negat
707 2145 795 2202 ullum
813 2146 902 2201 fuisse
919 2151 1012 2219 aonser
1030 2149 1062 2202 de
1073 2167 1129 2219 rep.
1147 2153 1175 2215 1,
1192 2151 1239 2215 ³8,
1255 2153 1288 2204 66

251 2233 405 2306 imperium,
424 2234 501 2305 quod
517 2232 637 2304 quidem,
657 2232 712 2287 nisi
729 2250 815 2286 unum
834 2232 878 2298 sit,
899 2250 959 2288 esse
976 2233 1085 2287 nullum
1101 2238 1199 2306 potest]

253 2317 461 2391 arheoprasrus
474 2323 496 2384 (e
509 2323 577 2384 aorr)
590 2323 617 2373 A
629 2318 695 2374 theo
710 2316 823 2390 prestus
833 2321 870 2373 H
954 2337 1005 2373 aur
1017 2322 1057 2386 H,
1073 2337 1136 2374 eorr
1145 2319 1222 2374 haud
1231 2323 1289 2376 AB

356 2408 372 2457 4
385 2412 446 2475 poet
463 2403 606 2459 nominant
623 2405 731 2460 addidit
746 2412 940 2459 commemorat
956 2406 1094 2470 Baiterua‚
1108 2407 1179 2477 quad
1195 2411 1289 2476 aptium

252 2511 304 2546 nan
321 2497 360 2546 eat
377 2495 403 2545 et
421 2492 511 2561 aptius
528 2496 596 2545 terte
613 2489 697 2545 scribi
709 2495 818 2561 poterat
833 2491 872 2544 At
883 2489 1091 2562 Theophrastus
1107 2491 1163 2562 (ait)
1180 2499 1286 2558 auster,

251 2579 298 2632 red
320 2583 345 2632 et
368 2577 416 2632 noe
438 2577 533 2632 inutile
557 2596 612 2631 eree
635 2576 705 2631 midi
720 2577 826 2647 quidem
848 2577 962 2641 uidetur,
982 2578 1031 2649 qai
1050 2596 1082 2632 ex
1099 2585 1183 2648 negat
1199 2576 1288 2632 ullum

250 2661 338 2718 fuisse
351 2664 385 2729 (6.
400 2683 422 2717 e.
437 2661 505 2718 dioit
518 2661 626 2718 nullum
637 2662 734 2729 fuisse)
749 2667 818 2716 reate
830 2661 923 2718 audiri
938 2662 1007 2718 dicit
1023 2662 1111 2718 fuisse
1124 2671 1225 2736 putem,
1240 2682 1287 2718 eu-

251 2749 294 2804 ius
310 2749 416 2820 orneris
432 2750 517 2803 muita
532 2750 653 2820 exempla
665 2753 690 2802 et
701 2750 833 2803 nonnulla
844 2748 919 2822 lonae
930 2750 979 2803 noe
992 2751 1101 2805 duriora
1111 2757 1201 2805 entare
1214 2753 1288 2821 apud

255 2835 407 2890 Ciceronem
425 2840 515 2889 notum
533 2839 588 2889 ert:
606 2835 670 2889 uide
682 2835 857 2905 Maduiqium
875 2837 907 2890 de
916 2825 973 2906 fin.
989 2838 1014 2902 2,
1030 2837 1054 2902 8,
1070 2839 1103 2889 25
1185 2839 1288 2908 Confer

250 2924 283 2975 de
294 2923 386 2975 eodem
397 2920 518 2976 dissensu
530 2921 635 2976 Timaei
646 2939 706 2976 eum
718 2922 902 2992 Theophrasto
915 2923 951 2976 ad
960 2924 1019 2976 Att.
1028 2925 1053 2988 6,
1066 2926 1088 2990 1,
1103 2926 1133 2977 18
1204 2928 1218 2978 5
1232 2926 1285 2980 Lo-

250 3005 291 3060 ori
301 3007 443 3062 deteriores
453 3006 525 3062 luarr
537 3007 631 3062 ΑΒΗ
719 3011 734 3060 5
749 3013 773 3060 et
785 3010 801 3060 6
813 3005 867 3061 suu
879 3027 941 3063 corr
951 3006 1011 3063 srue
1024 3014 1052 3063 A
1140 3013 1156 3064 6
1174 3028 1286 3082 quarra-

250 3091 314 3146 drrr'r
331 3095 388 3147 AB
406 3093 480 3164 quod
500 3092 640 3148 rradrrum
663 3093 709 3148 sed
727 3092 746 3146 d
763 3094 793 3148 in
809 3111 870 3160 raa,
892 3099 918 3148 et
935 3113 951 3148 τ
967 3112 1028 3150 rorr
1045 3096 1117 3166 (snit
1133 3113 1204 3166 quor
1221 3096 1286 3164 rad)

250 3178 419 3232 Heinrianue
512 3182 528 3232 8
547 3178 584 3234 sit
600 3178 688 3250 igitur
706 3181 848 3236 deteriores
865 3179 888 3235 st
906 3196 997 3250 rgrrur
1010 3183 1106 3235 ΑΒΗ
1195 3186 1210 3236 9
1228 3201 1286 3238 mo·

250 3280 366 3336 deraros
380 3284 417 3336 H
429 3257 590 3339 modereris
601 3286 659 3339 AB
764 3258 823 3354 edin
846 3285 880 3350 (a.
893 3305 915 3338 e.
930 3301 986 3355 eaq;
1005 3302 1066 3338 eurr
1082 3283 1111 3339 in
1130 3303 1187 3356 eaq.
1201 3287 1238 3356 ἴῃ)
1257 3289 1285 3341 Β

249 3384 390 3449 eequeque
409 3372 436 3422 A
456 3386 511 3441 eeq;
529 3387 584 3440 que
602 3373 639 3425 H
740 3373 771 3423 10
790 3367 927 3440 generasi
945 3373 982 3425 H
995 3367 1131 3448 generani
1142 3375 1170 3428 Β
1188 3389 1285 3442 geran-

248 3487 299 3524 rur
321 3473 432 3536 (rantur
449 3471 479 3526 in
497 3477 606 3538 rasura)
620 3476 648 3526 A
754 3491 813 3544 gen
833 3477 870 3540 (n
887 3475 916 3528 r'n
933 3492 1031 3528 rasura
1048 3475 1131 3529 trium
1144 3480 1285 3546 quattuor·

248 3573 281 3610 ue
298 3557 461 3624 litterarum)
485 3561 513 3611 A
637 3559 779 3638 rutherono
797 3578 829 3615 aa
847 3550 958 3615 ndmrne
977 3562 1005 3615 A
1025 3562 1078 3627 (sio)
1097 3561 1237 3640 1udro1one
1254 3579 1286 3618 ae

249 3677 361 3713 numme
379 3661 407 3714 Β
423 3660 575 3715 rudiorone
593 3679 624 3716 aa
641 3680 742 3717 nomen
759 3665 796 3718 H
814 3663 845 3717 ui
863 3661 968 3718 ditione
986 3672 1068 3735 atque
1084 3664 1197 3720 numine
1217 3667 1286 3720 Tur·

248 3745 330 3799 netur
347 3744 454 3800 ditione
477 3753 560 3816 atque
576 3747 690 3802 numine
707 3749 884 3815 Aseenaiana,
903 3751 934 3804 id
951 3753 1021 3821 quod
1039 3752 1169 3806 Halmius
1187 3753 1285 3808 Baite-

249 3849 344 3902 rusque
364 3832 430 3898 (niti
446 3833 516 3904 quod
533 3831 641 3888 dicione
659 3838 698 3901 ao)
717 3841 911 3906 expresserunt,
931 3839 977 3892 aad
995 3857 1027 3891 en
1045 3839 1074 3891 A
1092 3845 1207 3909 apparet
1220 3839 1283 3909 pri·

249 3917 373 3972 mitiuam
390 3918 553 3988 sarr‘pturam
562 3920 667 3989 sumre,
685 3924 755 3992 quad
778 3922 914 3978 Victorius
933 3924 995 3989 (nisi
1012 3925 1082 3995 quod
1099 3926 1188 3994 atque)
1208 3930 1233 3978 et
1254 3925 1283 3980 0.

250 4003 401 4072 Stephanus
414 4010 575 4075 perueruerat,
597 4005 701 4063 iudicio
717 4027 749 4063 ao
766 4009 894 4076 numine,
917 4011 958 4077 {in
976 4028 1024 4081 qrw
1047 4008 1182 4065 iudicium
1204 4010 1287 4064 intel·

248 4088 302 4160 liae
318 4089 471 4156 arbitrium,
485 4097 514 4146 ut
526 4098 597 4147 nutu
610 4101 638 4148 et
648 4094 763 4150 arbitrio
775 4114 977 4168 nonnumquam
989 4097 1194 4200 componuntur]

250 4193 279 4244 11
300 4191 514 4250 hommfimererr
534 4199 542 4260 (
552 4195 570 4211 ”
588 4201 614 4250 et
631 4213 658 4252 m
675 4203 746 4264 corr)
766 4201 795 4254 A
948 4202 979 4252 12
997 4217 1140 4271 ammittat
1156 4201 1185 4253 B
