<?xml version="1.0" encoding="UTF-8"?>
<!DOCTYPE html PUBLIC "-//W3C//DTD XHTML 1.0 Transitional//EN"
    "http://www.w3.org/TR/xhtml1/DTD/xhtml1-transitional.dtd">
<html xmlns="http://www.w3.org/1999/xhtml" xml:lang="en" lang="en">
 <head>
  <title>
</title>
<meta http-equiv="Content-Type" content="text/html;charset=utf-8" />
  <meta name='ocr-system' content='tesseract 3.04.00' />
  <meta name='ocr-capabilities' content='ocr_page ocr_carea ocr_par ocr_line ocrx_word'/>
</head>
<body>
  <div class='ocr_page' id='page_1' title='image "./delegibuslibrie00vahlgoog_0018.png"; bbox 0 0 3250 4974; ppageno 0'>
   <div class='ocr_carea' id='block_1_1' title="bbox 534 445 1278 499">
    <p class='ocr_par' dir='ltr' id='par_1_1' title="bbox 534 445 1278 499">
     <span class='ocr_line' id='line_1_1' title="bbox 534 445 1278 499; baseline 0.004 -14"><span class='ocrx_word' id='word_1_1' title='bbox 534 445 695 486; x_wconf 73' lang='lat' dir='ltr'>PRAEFATIO</span> <span class='ocrx_word' id='word_1_2' title='bbox 713 446 811 487; x_wconf 68' lang='lat' dir='ltr'>NOVAE</span> <span class='ocrx_word' id='word_1_3' title='bbox 829 445 978 488; x_wconf 78' lang='lat' dir='ltr'>EDI&#39;HONIS</span> <span class='ocrx_word' id='word_1_4' title='bbox 1241 454 1278 499; x_wconf 76' lang='lat' dir='ltr'><strong>xl</strong></span> 
     </span>
    </p>
   </div>
   <div class='ocr_carea' id='block_1_2' title="bbox 133 604 1276 690">
    <p class='ocr_par' dir='ltr' id='par_1_2' title="bbox 133 604 1276 690">
     <span class='ocr_line' id='line_1_2' title="bbox 133 604 1276 690; baseline 0 -20"><span class='ocrx_word' id='word_1_5' title='bbox 133 675 135 682; x_wconf 56' lang='grc'>,</span> <span class='ocrx_word' id='word_1_6' title='bbox 244 627 312 670; x_wconf 92' lang='lat' dir='ltr'><strong>non</strong></span> <span class='ocrx_word' id='word_1_7' title='bbox 334 605 431 690; x_wconf 85' lang='lat' dir='ltr'>plene</span> <span class='ocrx_word' id='word_1_8' title='bbox 454 604 616 668; x_wconf 90' lang='lat' dir='ltr'><strong>rettulisse</strong></span> <span class='ocrx_word' id='word_1_9' title='bbox 639 604 780 689; x_wconf 89' lang='lat' dir='ltr'><strong>suspicio</strong></span> <span class='ocrx_word' id='word_1_10' title='bbox 803 615 894 686; x_wconf 89' lang='lat' dir='ltr'><strong>esset,</strong></span> <span class='ocrx_word' id='word_1_11' title='bbox 913 605 949 669; x_wconf 93' lang='lat' dir='ltr'><strong>in</strong></span> <span class='ocrx_word' id='word_1_12' title='bbox 971 628 1044 670; x_wconf 91' lang='lat' dir='ltr'><strong>mea</strong></span> <span class='ocrx_word' id='word_1_13' title='bbox 1067 605 1276 670; x_wconf 81' lang='lat' dir='ltr'><strong>adnotatione</strong></span> 
     </span>
    </p>
   </div>
   <div class='ocr_carea' id='block_1_3' title="bbox 240 725 1276 4297">
    <p class='ocr_par' dir='ltr' id='par_1_3' title="bbox 240 725 1276 4297">
     <span class='ocr_line' id='line_1_3' title="bbox 244 725 1276 811; baseline -0.001 -21"><span class='ocrx_word' id='word_1_14' title='bbox 244 726 432 811; x_wconf 86' lang='lat' dir='ltr'>supplerem</span> <span class='ocrx_word' id='word_1_15' title='bbox 460 735 493 788; x_wconf 89' lang='lat' dir='ltr'><strong>et</strong></span> <span class='ocrx_word' id='word_1_16' title='bbox 516 725 719 810; x_wconf 80' lang='lat' dir='ltr'><strong>conigeram.</strong></span> <span class='ocrx_word' id='word_1_17' title='bbox 757 725 899 809; x_wconf 89' lang='lat' dir='ltr'><strong>denique</strong></span> <span class='ocrx_word' id='word_1_18' title='bbox 921 749 949 789; x_wconf 91' lang='lat' dir='ltr'><strong>a.</strong></span> <span class='ocrx_word' id='word_1_19' title='bbox 973 745 1177 790; x_wconf 83' lang='lat' dir='ltr'><strong>unooonxxx</strong></span> <span class='ocrx_word' id='word_1_20' title='bbox 1200 748 1276 790; x_wconf 90' lang='lat' dir='ltr'><strong>eum</strong></span> 
     </span>
     <span class='ocr_line' id='line_1_4' title="bbox 244 845 1276 931; baseline -0.001 -21"><span class='ocrx_word' id='word_1_21' title='bbox 244 846 429 910; x_wconf 81' lang='lat' dir='ltr'><strong>statuissem</strong></span> <span class='ocrx_word' id='word_1_22' title='bbox 451 867 583 910; x_wconf 92' lang='lat' dir='ltr'><strong>omnem</strong></span> <span class='ocrx_word' id='word_1_23' title='bbox 604 845 705 910; x_wconf 87' lang='lat' dir='ltr'><strong>huius</strong></span> <span class='ocrx_word' id='word_1_24' title='bbox 726 846 802 910; x_wconf 88' lang='lat' dir='ltr'>libri</span> <span class='ocrx_word' id='word_1_25' title='bbox 825 847 1004 931; x_wconf 79' lang='lat' dir='ltr'><strong>scripturae</strong></span> <span class='ocrx_word' id='word_1_26' title='bbox 1023 846 1276 930; x_wconf 79' lang='lat' dir='ltr'><strong>discrepantiam</strong></span> 
     </span>
     <span class='ocr_line' id='line_1_5' title="bbox 243 964 1275 1052; baseline 0.002 -23"><span class='ocrx_word' id='word_1_27' title='bbox 243 964 280 1029; x_wconf 94' lang='lat' dir='ltr'><strong>in</strong></span> <span class='ocrx_word' id='word_1_28' title='bbox 301 966 418 1030; x_wconf 84' lang='lat' dir='ltr'><strong>iterata</strong></span> <span class='ocrx_word' id='word_1_29' title='bbox 438 966 543 1030; x_wconf 90' lang='lat' dir='ltr'><strong>libelli</strong></span> <span class='ocrx_word' id='word_1_30' title='bbox 565 967 630 1031; x_wconf 92' lang='lat' dir='ltr'><strong>mei</strong></span> <span class='ocrx_word' id='word_1_31' title='bbox 653 967 804 1046; x_wconf 89' lang='lat' dir='ltr'><strong>editione,</strong></span> <span class='ocrx_word' id='word_1_32' title='bbox 822 990 905 1051; x_wconf 89' lang='lat' dir='ltr'><strong>quae</strong></span> <span class='ocrx_word' id='word_1_33' title='bbox 927 968 993 1032; x_wconf 91' lang='lat' dir='ltr'><strong>iam</strong></span> <span class='ocrx_word' id='word_1_34' title='bbox 1015 968 1196 1052; x_wconf 88' lang='lat' dir='ltr'><strong>impensius</strong></span> <span class='ocrx_word' id='word_1_35' title='bbox 1214 969 1275 1031; x_wconf 78' lang='lat' dir='ltr'><strong>fla·</strong></span> 
     </span>
     <span class='ocr_line' id='line_1_6' title="bbox 244 1085 1276 1174; baseline 0.004 -24"><span class='ocrx_word' id='word_1_36' title='bbox 244 1085 416 1171; x_wconf 86' lang='lat' dir='ltr'><strong>gitabatur,</strong></span> <span class='ocrx_word' id='word_1_37' title='bbox 444 1087 612 1152; x_wconf 85' lang='lat' dir='ltr'><strong>Vossianis</strong></span> <span class='ocrx_word' id='word_1_38' title='bbox 641 1088 774 1166; x_wconf 84' lang='lat' dir='ltr'><strong>addere,</strong></span> <span class='ocrx_word' id='word_1_39' title='bbox 810 1097 916 1151; x_wconf 88' lang='lat' dir='ltr'><strong>totum</strong></span> <span class='ocrx_word' id='word_1_40' title='bbox 950 1088 1073 1152; x_wconf 89' lang='lat' dir='ltr'><strong>librum</strong></span> <span class='ocrx_word' id='word_1_41' title='bbox 1102 1088 1276 1174; x_wconf 81' lang='lat' dir='ltr'><strong>diligenter</strong></span> 
     </span>
     <span class='ocr_line' id='line_1_7' title="bbox 245 1207 1276 1293; baseline 0.003 -23"><span class='ocrx_word' id='word_1_42' title='bbox 245 1207 441 1286; x_wconf 84' lang='lat' dir='ltr'><strong>examinaui,</strong></span> <span class='ocrx_word' id='word_1_43' title='bbox 459 1218 492 1271; x_wconf 90' lang='lat' dir='ltr'><strong>et</strong></span> <span class='ocrx_word' id='word_1_44' title='bbox 507 1229 705 1292; x_wconf 92' lang='lat' dir='ltr'><strong>quamquam</strong></span> <span class='ocrx_word' id='word_1_45' title='bbox 727 1207 763 1271; x_wconf 93' lang='lat' dir='ltr'><strong>in</strong></span> <span class='ocrx_word' id='word_1_46' title='bbox 784 1208 847 1272; x_wconf 93' lang='lat' dir='ltr'><strong>hoc</strong></span> <span class='ocrx_word' id='word_1_47' title='bbox 862 1229 989 1293; x_wconf 85' lang='lat' dir='ltr'><strong>genere,</strong></span> <span class='ocrx_word' id='word_1_48' title='bbox 1008 1208 1063 1271; x_wconf 88' lang='lat' dir='ltr'><strong>cui</strong></span> <span class='ocrx_word' id='word_1_49' title='bbox 1085 1209 1205 1273; x_wconf 91' lang='lat' dir='ltr'><strong>multos</strong></span> <span class='ocrx_word' id='word_1_50' title='bbox 1220 1231 1276 1273; x_wconf 95' lang='lat' dir='ltr'><strong>co-</strong></span> 
     </span>
     <span class='ocr_line' id='line_1_8' title="bbox 245 1327 1276 1416; baseline 0.004 -26"><span class='ocrx_word' id='word_1_51' title='bbox 245 1327 333 1392; x_wconf 87' lang='lat' dir='ltr'><strong>dices</strong></span> <span class='ocrx_word' id='word_1_52' title='bbox 355 1329 395 1391; x_wconf 93' lang='lat' dir='ltr'><strong>ab</strong></span> <span class='ocrx_word' id='word_1_53' title='bbox 411 1327 483 1391; x_wconf 90' lang='lat' dir='ltr'><strong>aliis</strong></span> <span class='ocrx_word' id='word_1_54' title='bbox 505 1337 581 1392; x_wconf 91' lang='lat' dir='ltr'><strong>ante</strong></span> <span class='ocrx_word' id='word_1_55' title='bbox 603 1337 757 1392; x_wconf 88' lang='lat' dir='ltr'><strong>tractatos</strong></span> <span class='ocrx_word' id='word_1_56' title='bbox 779 1349 1008 1413; x_wconf 82' lang='lat' dir='ltr'><strong>recognoscere</strong></span> <span class='ocrx_word' id='word_1_57' title='bbox 1030 1329 1132 1408; x_wconf 86' lang='lat' dir='ltr'><strong>licuit,</strong></span> <span class='ocrx_word' id='word_1_58' title='bbox 1150 1330 1276 1416; x_wconf 84' lang='lat' dir='ltr'><strong>fragili-</strong></span> 
     </span>
     <span class='ocr_line' id='line_1_9' title="bbox 245 1447 1275 1532; baseline 0.004 -21"><span class='ocrx_word' id='word_1_59' title='bbox 245 1448 320 1511; x_wconf 90' lang='lat' dir='ltr'><strong>tatis</strong></span> <span class='ocrx_word' id='word_1_60' title='bbox 334 1448 499 1512; x_wconf 89' lang='lat' dir='ltr'><strong>humanae</strong></span> <span class='ocrx_word' id='word_1_61' title='bbox 514 1469 638 1512; x_wconf 91' lang='lat' dir='ltr'><strong>memor</strong></span> <span class='ocrx_word' id='word_1_62' title='bbox 652 1449 796 1512; x_wconf 89' lang='lat' dir='ltr'><strong>modeste</strong></span> <span class='ocrx_word' id='word_1_63' title='bbox 811 1448 903 1532; x_wconf 89' lang='lat' dir='ltr'><strong>loqui</strong></span> <span class='ocrx_word' id='word_1_64' title='bbox 925 1447 1049 1528; x_wconf 88' lang='lat' dir='ltr'><strong>didicit,</strong></span> <span class='ocrx_word' id='word_1_65' title='bbox 1073 1461 1184 1515; x_wconf 88' lang='lat' dir='ltr'><strong>tamen</strong></span> <span class='ocrx_word' id='word_1_66' title='bbox 1207 1473 1275 1515; x_wconf 95' lang='lat' dir='ltr'><strong>non</strong></span> 
     </span>
     <span class='ocr_line' id='line_1_10' title="bbox 245 1568 1276 1652; baseline 0.004 -22"><span class='ocrx_word' id='word_1_67' title='bbox 245 1568 350 1631; x_wconf 84' lang='lat' dir='ltr'><strong>multa</strong></span> <span class='ocrx_word' id='word_1_68' title='bbox 370 1589 423 1632; x_wconf 92' lang='lat' dir='ltr'><strong>me</strong></span> <span class='ocrx_word' id='word_1_69' title='bbox 446 1569 621 1652; x_wconf 88' lang='lat' dir='ltr'><strong>deliquisse</strong></span> <span class='ocrx_word' id='word_1_70' title='bbox 644 1568 843 1633; x_wconf 81' lang='lat' dir='ltr'><strong>conferendo</strong></span> <span class='ocrx_word' id='word_1_71' title='bbox 865 1580 898 1633; x_wconf 89' lang='lat' dir='ltr'><strong>et</strong></span> <span class='ocrx_word' id='word_1_72' title='bbox 919 1569 996 1634; x_wconf 90' lang='lat' dir='ltr'><strong>satis</strong></span> <span class='ocrx_word' id='word_1_73' title='bbox 1019 1581 1170 1635; x_wconf 85' lang='lat' dir='ltr'><strong>accurate</strong></span> <span class='ocrx_word' id='word_1_74' title='bbox 1185 1571 1276 1636; x_wconf 91' lang='lat' dir='ltr'><strong>codi-</strong></span> 
     </span>
     <span class='ocr_line' id='line_1_11' title="bbox 245 1687 1275 1773; baseline 0.004 -23"><span class='ocrx_word' id='word_1_75' title='bbox 245 1687 291 1751; x_wconf 89' lang='lat' dir='ltr'><strong>cis</strong></span> <span class='ocrx_word' id='word_1_76' title='bbox 313 1688 500 1752; x_wconf 90' lang='lat' dir='ltr'><strong>testimonia</strong></span> <span class='ocrx_word' id='word_1_77' title='bbox 521 1688 744 1773; x_wconf 87' lang='lat' dir='ltr'><strong>perscripsisse</strong></span> <span class='ocrx_word' id='word_1_78' title='bbox 767 1711 872 1773; x_wconf 91' lang='lat' dir='ltr'><strong>spero:</strong></span> <span class='ocrx_word' id='word_1_79' title='bbox 897 1689 1018 1753; x_wconf 86' lang='lat' dir='ltr'><strong>retinui</strong></span> <span class='ocrx_word' id='word_1_80' title='bbox 1041 1701 1152 1754; x_wconf 85' lang='lat' dir='ltr'><strong>autem</strong></span> <span class='ocrx_word' id='word_1_81' title='bbox 1166 1691 1203 1754; x_wconf 91' lang='lat' dir='ltr'><strong>in</strong></span> <span class='ocrx_word' id='word_1_82' title='bbox 1217 1691 1275 1754; x_wconf 92' lang='lat' dir='ltr'><strong>ad-</strong></span> 
     </span>
     <span class='ocr_line' id='line_1_12' title="bbox 245 1808 1274 1895; baseline 0.005 -24"><span class='ocrx_word' id='word_1_83' title='bbox 245 1808 388 1872; x_wconf 94' lang='lat' dir='ltr'><strong>notando</strong></span> <span class='ocrx_word' id='word_1_84' title='bbox 411 1829 535 1872; x_wconf 91' lang='lat' dir='ltr'><strong>morem</strong></span> <span class='ocrx_word' id='word_1_85' title='bbox 557 1830 669 1872; x_wconf 89' lang='lat' dir='ltr'><strong>meum</strong></span> <span class='ocrx_word' id='word_1_86' title='bbox 690 1831 790 1892; x_wconf 92' lang='lat' dir='ltr'><strong>quem</strong></span> <span class='ocrx_word' id='word_1_87' title='bbox 811 1819 908 1873; x_wconf 90' lang='lat' dir='ltr'><strong>antea</strong></span> <span class='ocrx_word' id='word_1_88' title='bbox 929 1809 1076 1890; x_wconf 91' lang='lat' dir='ltr'><strong>inieram,</strong></span> <span class='ocrx_word' id='word_1_89' title='bbox 1095 1833 1193 1895; x_wconf 91' lang='lat' dir='ltr'><strong>quem</strong></span> <span class='ocrx_word' id='word_1_90' title='bbox 1214 1811 1274 1876; x_wconf 86' lang='lat' dir='ltr'><strong>etsi</strong></span> 
     </span>
     <span class='ocr_line' id='line_1_13' title="bbox 245 1927 1276 2014; baseline 0.004 -23"><span class='ocrx_word' id='word_1_91' title='bbox 245 1927 470 2013; x_wconf 89' lang='lat' dir='ltr'><strong>uituperatum</strong></span> <span class='ocrx_word' id='word_1_92' title='bbox 496 1951 563 1994; x_wconf 90' lang='lat' dir='ltr'><strong>esse</strong></span> <span class='ocrx_word' id='word_1_93' title='bbox 592 1928 673 2008; x_wconf 91' lang='lat' dir='ltr'><strong>scio,</strong></span> <span class='ocrx_word' id='word_1_94' title='bbox 703 1931 743 1993; x_wconf 89' lang='lat' dir='ltr'><strong>ab</strong></span> <span class='ocrx_word' id='word_1_95' title='bbox 773 1929 814 1993; x_wconf 86' lang='lat' dir='ltr'><strong>iis</strong></span> <span class='ocrx_word' id='word_1_96' title='bbox 837 1930 894 2013; x_wconf 92' lang='lat' dir='ltr'><strong>qui</strong></span> <span class='ocrx_word' id='word_1_97' title='bbox 925 1929 1010 1994; x_wconf 92' lang='lat' dir='ltr'><strong>nihil</strong></span> <span class='ocrx_word' id='word_1_98' title='bbox 1042 1934 1182 2014; x_wconf 90' lang='lat' dir='ltr'><strong>probant</strong></span> <span class='ocrx_word' id='word_1_99' title='bbox 1211 1932 1276 1997; x_wconf 90' lang='lat' dir='ltr'><strong>nisi</strong></span> 
     </span>
     <span class='ocr_line' id='line_1_14' title="bbox 244 2050 1276 2136; baseline 0.004 -24"><span class='ocrx_word' id='word_1_100' title='bbox 244 2070 356 2127; x_wconf 90' lang='lat' dir='ltr'><strong>suum,</strong></span> <span class='ocrx_word' id='word_1_101' title='bbox 385 2059 496 2113; x_wconf 88' lang='lat' dir='ltr'><strong>tamen</strong></span> <span class='ocrx_word' id='word_1_102' title='bbox 518 2050 560 2113; x_wconf 93' lang='lat' dir='ltr'><strong>ad</strong></span> <span class='ocrx_word' id='word_1_103' title='bbox 583 2071 656 2113; x_wconf 91' lang='lat' dir='ltr'><strong>eam</strong></span> <span class='ocrx_word' id='word_1_104' title='bbox 676 2071 758 2128; x_wconf 90' lang='lat' dir='ltr'><strong>rem,</strong></span> <span class='ocrx_word' id='word_1_105' title='bbox 783 2073 883 2134; x_wconf 93' lang='lat' dir='ltr'><strong>quam</strong></span> <span class='ocrx_word' id='word_1_106' title='bbox 910 2051 1077 2130; x_wconf 91' lang='lat' dir='ltr'><strong>uolebam,</strong></span> <span class='ocrx_word' id='word_1_107' title='bbox 1106 2063 1221 2136; x_wconf 92' lang='lat' dir='ltr'><strong>aptum</strong></span> <span class='ocrx_word' id='word_1_108' title='bbox 1243 2062 1276 2116; x_wconf 91' lang='lat' dir='ltr'><strong>et</strong></span> 
     </span>
     <span class='ocr_line' id='line_1_15' title="bbox 245 2169 1275 2256; baseline 0.006 -25"><span class='ocrx_word' id='word_1_109' title='bbox 245 2169 464 2233; x_wconf 80' lang='lat' dir='ltr'><strong>necessarium</strong></span> <span class='ocrx_word' id='word_1_110' title='bbox 485 2169 584 2233; x_wconf 87' lang='lat' dir='ltr'><strong>fuisse</strong></span> <span class='ocrx_word' id='word_1_111' title='bbox 607 2170 726 2248; x_wconf 80' lang='lat' dir='ltr'><strong>senti03</strong></span> <span class='ocrx_word' id='word_1_112' title='bbox 751 2170 850 2254; x_wconf 90' lang='lat' dir='ltr'><strong>idque</strong></span> <span class='ocrx_word' id='word_1_113' title='bbox 872 2171 925 2255; x_wconf 87' lang='lat' dir='ltr'><strong>egi</strong></span> <span class='ocrx_word' id='word_1_114' title='bbox 943 2172 1065 2251; x_wconf 90' lang='lat' dir='ltr'><strong>sedulo,</strong></span> <span class='ocrx_word' id='word_1_115' title='bbox 1083 2183 1121 2236; x_wconf 89' lang='lat' dir='ltr'><strong>ut</strong></span> <span class='ocrx_word' id='word_1_116' title='bbox 1136 2194 1201 2256; x_wconf 88' lang='lat' dir='ltr'><strong>qua</strong></span> <span class='ocrx_word' id='word_1_117' title='bbox 1215 2195 1275 2237; x_wconf 92' lang='lat' dir='ltr'><strong>ne·-</strong></span> 
     </span>
     <span class='ocr_line' id='line_1_16' title="bbox 245 2288 1275 2372; baseline 0.005 -21"><span class='ocrx_word' id='word_1_118' title='bbox 245 2288 442 2354; x_wconf 89' lang='lat' dir='ltr'><strong>cessitudine</strong></span> <span class='ocrx_word' id='word_1_119' title='bbox 469 2289 523 2353; x_wconf 92' lang='lat' dir='ltr'><strong>hic</strong></span> <span class='ocrx_word' id='word_1_120' title='bbox 545 2289 630 2354; x_wconf 91' lang='lat' dir='ltr'><strong>liber</strong></span> <span class='ocrx_word' id='word_1_121' title='bbox 652 2311 728 2352; x_wconf 90' lang='lat' dir='ltr'><strong>cum</strong></span> <span class='ocrx_word' id='word_1_122' title='bbox 749 2291 917 2355; x_wconf 85' lang='lat' dir='ltr'><strong>Vossianis</strong></span> <span class='ocrx_word' id='word_1_123' title='bbox 945 2291 1078 2354; x_wconf 79' lang='lat' dir='ltr'><strong>iunctus</strong></span> <span class='ocrx_word' id='word_1_124' title='bbox 1105 2301 1202 2372; x_wconf 90' lang='lat' dir='ltr'><strong>esset,</strong></span> <span class='ocrx_word' id='word_1_125' title='bbox 1234 2315 1275 2356; x_wconf 88' lang='lat' dir='ltr'><strong>ex</strong></span> 
     </span>
     <span class='ocr_line' id='line_1_17' title="bbox 245 2409 1275 2498; baseline 0.003 -26"><span class='ocrx_word' id='word_1_126' title='bbox 245 2409 454 2474; x_wconf 84' lang='lat' dir='ltr'><strong>adnotatione</strong></span> <span class='ocrx_word' id='word_1_127' title='bbox 473 2411 551 2495; x_wconf 88' lang='lat' dir='ltr'><strong>ipsa,</strong></span> <span class='ocrx_word' id='word_1_128' title='bbox 570 2421 731 2493; x_wconf 90' lang='lat' dir='ltr'><strong>quantum</strong></span> <span class='ocrx_word' id='word_1_129' title='bbox 752 2411 825 2474; x_wconf 91' lang='lat' dir='ltr'><strong>fieri</strong></span> <span class='ocrx_word' id='word_1_130' title='bbox 846 2421 961 2495; x_wconf 90' lang='lat' dir='ltr'><strong>posset,</strong></span> <span class='ocrx_word' id='word_1_131' title='bbox 979 2412 1065 2475; x_wconf 90' lang='lat' dir='ltr'><strong>ultro</strong></span> <span class='ocrx_word' id='word_1_132' title='bbox 1079 2434 1141 2475; x_wconf 91' lang='lat' dir='ltr'><strong>nec</strong></span> <span class='ocrx_word' id='word_1_133' title='bbox 1156 2433 1275 2498; x_wconf 89' lang='lat' dir='ltr'><strong>magno</strong></span> 
     </span>
     <span class='ocr_line' id='line_1_18' title="bbox 245 2530 1275 2616; baseline 0.004 -24"><span class='ocrx_word' id='word_1_134' title='bbox 245 2530 375 2614; x_wconf 89' lang='lat' dir='ltr'><strong>negotio</strong></span> <span class='ocrx_word' id='word_1_135' title='bbox 398 2530 620 2615; x_wconf 87' lang='lat' dir='ltr'><strong>dispiceretur.</strong></span> <span class='ocrx_word' id='word_1_136' title='bbox 650 2530 748 2614; x_wconf 91' lang='lat' dir='ltr'><strong>plene</strong></span> <span class='ocrx_word' id='word_1_137' title='bbox 777 2540 888 2594; x_wconf 92' lang='lat' dir='ltr'><strong>autem</strong></span> <span class='ocrx_word' id='word_1_138' title='bbox 911 2531 951 2595; x_wconf 89' lang='lat' dir='ltr'><strong>de</strong></span> <span class='ocrx_word' id='word_1_139' title='bbox 976 2531 1040 2594; x_wconf 89' lang='lat' dir='ltr'><strong>hoc</strong></span> <span class='ocrx_word' id='word_1_140' title='bbox 1063 2553 1192 2616; x_wconf 91' lang='lat' dir='ltr'><strong>quoque</strong></span> <span class='ocrx_word' id='word_1_141' title='bbox 1220 2554 1275 2596; x_wconf 84' lang='lat' dir='ltr'><strong>co-</strong></span> 
     </span>
     <span class='ocr_line' id='line_1_19' title="bbox 245 2649 1275 2734; baseline 0.004 -22"><span class='ocrx_word' id='word_1_142' title='bbox 245 2649 316 2713; x_wconf 88' lang='lat' dir='ltr'><strong>dice</strong></span> <span class='ocrx_word' id='word_1_143' title='bbox 339 2651 458 2715; x_wconf 81' lang='lat' dir='ltr'><strong>referre</strong></span> <span class='ocrx_word' id='word_1_144' title='bbox 481 2651 630 2714; x_wconf 92' lang='lat' dir='ltr'><strong>animum</strong></span> <span class='ocrx_word' id='word_1_145' title='bbox 658 2649 791 2728; x_wconf 85' lang='lat' dir='ltr'><strong>induxi,</strong></span> <span class='ocrx_word' id='word_1_146' title='bbox 817 2672 885 2714; x_wconf 89' lang='lat' dir='ltr'><strong>non</strong></span> <span class='ocrx_word' id='word_1_147' title='bbox 908 2673 972 2734; x_wconf 90' lang='lat' dir='ltr'><strong>quo</strong></span> <span class='ocrx_word' id='word_1_148' title='bbox 994 2673 1085 2715; x_wconf 88' lang='lat' dir='ltr'><strong>nunc</strong></span> <span class='ocrx_word' id='word_1_149' title='bbox 1108 2652 1203 2716; x_wconf 89' lang='lat' dir='ltr'><strong>aliter</strong></span> <span class='ocrx_word' id='word_1_150' title='bbox 1225 2662 1275 2716; x_wconf 91' lang='lat' dir='ltr'><strong>at-</strong></span> 
     </span>
     <span class='ocr_line' id='line_1_20' title="bbox 245 2770 1275 2857; baseline 0.005 -25"><span class='ocrx_word' id='word_1_151' title='bbox 245 2792 309 2853; x_wconf 90' lang='lat' dir='ltr'><strong>que</strong></span> <span class='ocrx_word' id='word_1_152' title='bbox 331 2770 411 2835; x_wconf 93' lang='lat' dir='ltr'><strong>olim</strong></span> <span class='ocrx_word' id='word_1_153' title='bbox 425 2771 465 2834; x_wconf 92' lang='lat' dir='ltr'><strong>de</strong></span> <span class='ocrx_word' id='word_1_154' title='bbox 480 2771 580 2834; x_wconf 90' lang='lat' dir='ltr'><strong>huius</strong></span> <span class='ocrx_word' id='word_1_155' title='bbox 603 2770 694 2835; x_wconf 89' lang='lat' dir='ltr'><strong>testis</strong></span> <span class='ocrx_word' id='word_1_156' title='bbox 715 2770 849 2855; x_wconf 91' lang='lat' dir='ltr'><strong>ingenio</strong></span> <span class='ocrx_word' id='word_1_157' title='bbox 869 2771 1057 2850; x_wconf 86' lang='lat' dir='ltr'><strong>iudicarem,</strong></span> <span class='ocrx_word' id='word_1_158' title='bbox 1075 2773 1132 2836; x_wconf 90' lang='lat' dir='ltr'><strong>sed</strong></span> <span class='ocrx_word' id='word_1_159' title='bbox 1147 2783 1185 2837; x_wconf 92' lang='lat' dir='ltr'><strong>ut</strong></span> <span class='ocrx_word' id='word_1_160' title='bbox 1198 2795 1275 2857; x_wconf 86' lang='lat' dir='ltr'><strong>pro-</strong></span> 
     </span>
     <span class='ocr_line' id='line_1_21' title="bbox 244 2890 1274 2976; baseline 0.002 -22"><span class='ocrx_word' id='word_1_161' title='bbox 244 2890 349 2973; x_wconf 90' lang='lat' dir='ltr'><strong>posita</strong></span> <span class='ocrx_word' id='word_1_162' title='bbox 371 2891 461 2955; x_wconf 91' lang='lat' dir='ltr'><strong>omni</strong></span> <span class='ocrx_word' id='word_1_163' title='bbox 483 2891 618 2956; x_wconf 85' lang='lat' dir='ltr'><strong>materia</strong></span> <span class='ocrx_word' id='word_1_164' title='bbox 641 2890 824 2954; x_wconf 83' lang='lat' dir='ltr'><strong>refellerem</strong></span> <span class='ocrx_word' id='word_1_165' title='bbox 838 2913 901 2970; x_wconf 88' lang='lat' dir='ltr'><strong>eos,</strong></span> <span class='ocrx_word' id='word_1_166' title='bbox 919 2890 976 2974; x_wconf 90' lang='lat' dir='ltr'><strong>qui</strong></span> <span class='ocrx_word' id='word_1_167' title='bbox 995 2914 1108 2976; x_wconf 88' lang='lat' dir='ltr'><strong>nuper,</strong></span> <span class='ocrx_word' id='word_1_168' title='bbox 1126 2903 1164 2956; x_wconf 89' lang='lat' dir='ltr'><strong>ut</strong></span> <span class='ocrx_word' id='word_1_169' title='bbox 1183 2914 1274 2957; x_wconf 91' lang='lat' dir='ltr'><strong>meae</strong></span> 
     </span>
     <span class='ocr_line' id='line_1_22' title="bbox 245 3010 1275 3096; baseline 0.004 -24"><span class='ocrx_word' id='word_1_170' title='bbox 245 3010 397 3074; x_wconf 89' lang='lat' dir='ltr'><strong>editionis</strong></span> <span class='ocrx_word' id='word_1_171' title='bbox 418 3012 518 3074; x_wconf 87' lang='lat' dir='ltr'><strong>fidem</strong></span> <span class='ocrx_word' id='word_1_172' title='bbox 540 3022 573 3075; x_wconf 90' lang='lat' dir='ltr'><strong>et</strong></span> <span class='ocrx_word' id='word_1_173' title='bbox 595 3033 692 3075; x_wconf 88' lang='lat' dir='ltr'><strong>usum</strong></span> <span class='ocrx_word' id='word_1_174' title='bbox 714 3021 912 3091; x_wconf 83' lang='lat' dir='ltr'><strong>auerterent,</strong></span> <span class='ocrx_word' id='word_1_175' title='bbox 936 3033 1038 3096; x_wconf 90' lang='lat' dir='ltr'><strong>praue</strong></span> <span class='ocrx_word' id='word_1_176' title='bbox 1060 3035 1080 3074; x_wconf 93' lang='lat' dir='ltr'><strong>a</strong></span> <span class='ocrx_word' id='word_1_177' title='bbox 1101 3035 1154 3076; x_wconf 89' lang='lat' dir='ltr'><strong>me</strong></span> <span class='ocrx_word' id='word_1_178' title='bbox 1175 3013 1275 3077; x_wconf 92' lang='lat' dir='ltr'><strong>huius</strong></span> 
     </span>
     <span class='ocr_line' id='line_1_23' title="bbox 245 3129 1275 3197; baseline 0.003 -5"><span class='ocrx_word' id='word_1_179' title='bbox 245 3129 365 3194; x_wconf 89' lang='lat' dir='ltr'><strong>codicis</strong></span> <span class='ocrx_word' id='word_1_180' title='bbox 387 3132 615 3196; x_wconf 86' lang='lat' dir='ltr'><strong>auctoritatem</strong></span> <span class='ocrx_word' id='word_1_181' title='bbox 630 3131 832 3195; x_wconf 88' lang='lat' dir='ltr'><strong>aestimatam</strong></span> <span class='ocrx_word' id='word_1_182' title='bbox 847 3153 915 3196; x_wconf 80' lang='lat' dir='ltr'><strong>erse</strong></span> <span class='ocrx_word' id='word_1_183' title='bbox 935 3131 1099 3196; x_wconf 84' lang='lat' dir='ltr'><strong>criminati</strong></span> <span class='ocrx_word' id='word_1_184' title='bbox 1120 3143 1206 3197; x_wconf 87' lang='lat' dir='ltr'><strong>sunt.</strong></span> <span class='ocrx_word' id='word_1_185' title='bbox 1226 3143 1275 3196; x_wconf 92' lang='lat' dir='ltr'><strong>et-</strong></span> 
     </span>
     <span class='ocr_line' id='line_1_24' title="bbox 244 3250 1275 3336; baseline 0.004 -23"><span class='ocrx_word' id='word_1_186' title='bbox 244 3250 333 3314; x_wconf 88' lang='lat' dir='ltr'><strong>enim</strong></span> <span class='ocrx_word' id='word_1_187' title='bbox 354 3252 478 3336; x_wconf 89' lang='lat' dir='ltr'><strong>primus</strong></span> <span class='ocrx_word' id='word_1_188' title='bbox 492 3251 677 3316; x_wconf 59' lang='lat' dir='ltr'><strong>Muellerus*</strong></span> <span class='ocrx_word' id='word_1_189' title='bbox 696 3273 724 3314; x_wconf 94' lang='lat' dir='ltr'><strong>a.</strong></span> <span class='ocrx_word' id='word_1_190' title='bbox 740 3272 980 3315; x_wconf 82' lang='lat' dir='ltr'><strong>unooonxxvnr</strong></span> <span class='ocrx_word' id='word_1_191' title='bbox 1002 3251 1039 3314; x_wconf 93' lang='lat' dir='ltr'><strong>in</strong></span> <span class='ocrx_word' id='word_1_192' title='bbox 1061 3253 1195 3316; x_wconf 89' lang='lat' dir='ltr'><strong>edendis</strong></span> <span class='ocrx_word' id='word_1_193' title='bbox 1209 3255 1275 3317; x_wconf 85' lang='lat' dir='ltr'><strong>Le—</strong></span> 
     </span>
     <span class='ocr_line' id='line_1_25' title="bbox 244 3371 1275 3457; baseline 0.003 -23"><span class='ocrx_word' id='word_1_194' title='bbox 244 3392 323 3454; x_wconf 91' lang='lat' dir='ltr'><strong>gum</strong></span> <span class='ocrx_word' id='word_1_195' title='bbox 344 3371 436 3436; x_wconf 83' lang='lat' dir='ltr'><strong>libris</strong></span> <span class='ocrx_word' id='word_1_196' title='bbox 459 3394 537 3435; x_wconf 92' lang='lat' dir='ltr'><strong>curn</strong></span> <span class='ocrx_word' id='word_1_197' title='bbox 558 3372 712 3437; x_wconf 90' lang='lat' dir='ltr'><strong>uniuerse</strong></span> <span class='ocrx_word' id='word_1_198' title='bbox 732 3373 773 3435; x_wconf 96' lang='lat' dir='ltr'><strong>ad</strong></span> <span class='ocrx_word' id='word_1_199' title='bbox 788 3393 895 3435; x_wconf 91' lang='lat' dir='ltr'><strong>meam</strong></span> <span class='ocrx_word' id='word_1_200' title='bbox 910 3372 1019 3457; x_wconf 91' lang='lat' dir='ltr'><strong>potius</strong></span> <span class='ocrx_word' id='word_1_201' title='bbox 1034 3394 1133 3455; x_wconf 88' lang='lat' dir='ltr'><strong>quarn</strong></span> <span class='ocrx_word' id='word_1_202' title='bbox 1147 3373 1275 3437; x_wconf 90' lang='lat' dir='ltr'><strong>Halmii</strong></span> 
     </span>
     <span class='ocr_line' id='line_1_26' title="bbox 245 3491 1274 3578; baseline 0.005 -26"><span class='ocrx_word' id='word_1_203' title='bbox 245 3501 302 3553; x_wconf 91' lang='lat' dir='ltr'><strong>aut</strong></span> <span class='ocrx_word' id='word_1_204' title='bbox 323 3491 446 3556; x_wconf 89' lang='lat' dir='ltr'><strong>Baiteri</strong></span> <span class='ocrx_word' id='word_1_205' title='bbox 467 3491 724 3578; x_wconf 83' lang='lat' dir='ltr'><strong>recognitionem</strong></span> <span class='ocrx_word' id='word_1_206' title='bbox 746 3515 779 3556; x_wconf 92' lang='lat' dir='ltr'><strong>se</strong></span> <span class='ocrx_word' id='word_1_207' title='bbox 802 3492 1020 3577; x_wconf 88' lang='lat' dir='ltr'><strong>applicuisset,</strong></span> <span class='ocrx_word' id='word_1_208' title='bbox 1045 3515 1087 3556; x_wconf 92' lang='lat' dir='ltr'><strong>ne</strong></span> <span class='ocrx_word' id='word_1_209' title='bbox 1104 3493 1183 3575; x_wconf 92' lang='lat' dir='ltr'><strong>quid</strong></span> <span class='ocrx_word' id='word_1_210' title='bbox 1197 3515 1274 3576; x_wconf 91' lang='lat' dir='ltr'><strong>pro-</strong></span> 
     </span>
     <span class='ocr_line' id='line_1_27' title="bbox 243 3610 1273 3698; baseline 0.004 -25"><span class='ocrx_word' id='word_1_211' title='bbox 243 3610 333 3694; x_wconf 91' lang='lat' dir='ltr'><strong>priae</strong></span> <span class='ocrx_word' id='word_1_212' title='bbox 354 3611 487 3677; x_wconf 90' lang='lat' dir='ltr'><strong>uirtutis</strong></span> <span class='ocrx_word' id='word_1_213' title='bbox 502 3613 612 3676; x_wconf 89' lang='lat' dir='ltr'><strong>deesse</strong></span> <span class='ocrx_word' id='word_1_214' title='bbox 631 3612 806 3692; x_wconf 89' lang='lat' dir='ltr'><strong>uideretur,</strong></span> <span class='ocrx_word' id='word_1_215' title='bbox 825 3635 859 3676; x_wconf 89' lang='lat' dir='ltr'><strong>se</strong></span> <span class='ocrx_word' id='word_1_216' title='bbox 874 3635 893 3676; x_wconf 91' lang='lat' dir='ltr'><strong>a</strong></span> <span class='ocrx_word' id='word_1_217' title='bbox 908 3635 960 3676; x_wconf 92' lang='lat' dir='ltr'><strong>me</strong></span> <span class='ocrx_word' id='word_1_218' title='bbox 976 3612 1148 3677; x_wconf 89' lang='lat' dir='ltr'><strong>dissentire</strong></span> <span class='ocrx_word' id='word_1_219' title='bbox 1170 3614 1273 3698; x_wconf 88' lang='lat' dir='ltr'><strong>scrip-</strong></span> 
     </span>
     <span class='ocr_line' id='line_1_28' title="bbox 244 3730 1274 3817; baseline 0.003 -23"><span class='ocrx_word' id='word_1_220' title='bbox 244 3730 286 3794; x_wconf 86' lang='lat' dir='ltr'><strong>sit</strong></span> <span class='ocrx_word' id='word_1_221' title='bbox 308 3731 349 3795; x_wconf 89' lang='lat' dir='ltr'><strong>de</strong></span> <span class='ocrx_word' id='word_1_222' title='bbox 371 3732 483 3796; x_wconf 91' lang='lat' dir='ltr'><strong>codice</strong></span> <span class='ocrx_word' id='word_1_223' title='bbox 505 3732 703 3812; x_wconf 90' lang='lat' dir='ltr'><strong>Heinsiano,</strong></span> <span class='ocrx_word' id='word_1_224' title='bbox 729 3755 818 3817; x_wconf 83' lang='lat' dir='ltr'><strong>qoem</strong></span> <span class='ocrx_word' id='word_1_225' title='bbox 839 3733 902 3814; x_wconf 79' lang='lat' dir='ltr'><strong>a&#39;lle,</strong></span> <span class='ocrx_word' id='word_1_226' title='bbox 928 3732 1037 3816; x_wconf 93' lang='lat' dir='ltr'><strong>inquit</strong></span> <span class='ocrx_word' id='word_1_227' title='bbox 1060 3732 1100 3796; x_wconf 92' lang='lat' dir='ltr'><strong>de</strong></span> <span class='ocrx_word' id='word_1_228' title='bbox 1122 3754 1183 3811; x_wconf 92' lang='lat' dir='ltr'><strong>me,</strong></span> <span class='ocrx_word' id='word_1_229' title='bbox 1210 3741 1274 3797; x_wconf 84' lang='lat' dir='ltr'><strong>tam</strong></span> 
     </span>
     <span class='ocr_line' id='line_1_29' title="bbox 240 3851 1275 3938; baseline 0.003 -23"><span class='ocrx_word' id='word_1_230' title='bbox 240 3851 442 3937; x_wconf 68' lang='lat' dir='ltr'><strong>parvifacio</strong></span> <span class='ocrx_word' id='word_1_231' title='bbox 462 3861 499 3916; x_wconf 78' lang='lat' dir='ltr'><strong>at</strong></span> <span class='ocrx_word' id='word_1_232' title='bbox 519 3875 595 3916; x_wconf 84' lang='lat' dir='ltr'><strong>roro</strong></span> <span class='ocrx_word' id='word_1_233' title='bbox 617 3852 683 3916; x_wconf 78' lang='lat' dir='ltr'><strong>cias</strong></span> <span class='ocrx_word' id='word_1_234' title='bbox 704 3853 890 3918; x_wconf 76' lang='lat' dir='ltr'><strong>mentionem</strong></span> <span class='ocrx_word' id='word_1_235' title='bbox 912 3852 1031 3934; x_wconf 61' lang='lat' dir='ltr'><strong>inpias,</strong></span> <span class='ocrx_word' id='word_1_236' title='bbox 1051 3874 1106 3936; x_wconf 77' lang='lat' dir='ltr'><strong>epo</strong></span> <span class='ocrx_word' id='word_1_237' title='bbox 1121 3875 1275 3938; x_wconf 79' lang='lat' dir='ltr'><strong>nusquam</strong></span> 
     </span>
     <span class='ocr_line' id='line_1_30' title="bbox 244 3966 1273 4058; baseline 0 -22"><span class='ocrx_word' id='word_1_238' title='bbox 244 3972 465 4056; x_wconf 66' lang='lat' dir='ltr'><strong>mplepmdum</strong></span> <span class='ocrx_word' id='word_1_239' title='bbox 486 3995 605 4049; x_wconf 78' lang='lat' dir='ltr'><strong>censeo,</strong></span> <span class='ocrx_word' id='word_1_240' title='bbox 628 3974 752 4057; x_wconf 61' lang='lat' dir='ltr'><strong>odom,</strong></span> <span class='ocrx_word' id='word_1_241' title='bbox 771 3995 851 4058; x_wconf 81' lang='lat' dir='ltr'><strong>qaae</strong></span> <span class='ocrx_word' id='word_1_242' title='bbox 872 3973 901 4036; x_wconf 76' lang='lat' dir='ltr'><strong>is</strong></span> <span class='ocrx_word' id='word_1_243' title='bbox 916 3971 1052 4057; x_wconf 78' lang='lat' dir='ltr'><strong>propria</strong></span> <span class='ocrx_word' id='word_1_244' title='bbox 1074 3971 1181 4055; x_wconf 76' lang='lat' dir='ltr'><strong>habet,</strong></span> <span class='ocrx_word' id='word_1_245' title='bbox 1206 3966 1273 4037; x_wconf 81' lang='lat' dir='ltr'><strong>‘ar-</strong></span> 
     </span>
     <span class='ocr_line' id='line_1_31' title="bbox 244 4087 1274 4178; baseline 0.003 -24"><span class='ocrx_word' id='word_1_246' title='bbox 244 4091 337 4157; x_wconf 79' lang='lat' dir='ltr'><strong>bitrio</strong></span> <span class='ocrx_word' id='word_1_247' title='bbox 352 4087 506 4158; x_wconf 70' lang='lat' dir='ltr'><strong>correcto&#39;</strong></span> <span class='ocrx_word' id='word_1_248' title='bbox 520 4094 695 4158; x_wconf 77' lang='lat' dir='ltr'><strong>concedam.</strong></span> <span class='ocrx_word' id='word_1_249' title='bbox 714 4093 856 4158; x_wconf 91' lang='lat' dir='ltr'><strong>mirabar</strong></span> <span class='ocrx_word' id='word_1_250' title='bbox 871 4103 904 4157; x_wconf 92' lang='lat' dir='ltr'><strong>et</strong></span> <span class='ocrx_word' id='word_1_251' title='bbox 918 4114 1012 4178; x_wconf 91' lang='lat' dir='ltr'><strong>aegre</strong></span> <span class='ocrx_word' id='word_1_252' title='bbox 1035 4092 1194 4172; x_wconf 82' lang='lat' dir='ltr'><strong>ferebam,</strong></span> <span class='ocrx_word' id='word_1_253' title='bbox 1212 4093 1274 4157; x_wconf 91' lang='lat' dir='ltr'><strong>ho-</strong></span> 
     </span>
     <span class='ocr_line' id='line_1_32' title="bbox 243 4211 1275 4297; baseline 0 -21"><span class='ocrx_word' id='word_1_254' title='bbox 243 4212 368 4278; x_wconf 89' lang='lat' dir='ltr'><strong>minem</strong></span> <span class='ocrx_word' id='word_1_255' title='bbox 389 4213 566 4278; x_wconf 86' lang='lat' dir='ltr'><strong>honestum</strong></span> <span class='ocrx_word' id='word_1_256' title='bbox 586 4214 668 4278; x_wconf 86' lang='lat' dir='ltr'><strong>haec</strong></span> <span class='ocrx_word' id='word_1_257' title='bbox 684 4235 752 4278; x_wconf 89' lang='lat' dir='ltr'><strong>non</strong></span> <span class='ocrx_word' id='word_1_258' title='bbox 774 4235 841 4277; x_wconf 90' lang='lat' dir='ltr'><strong>uno</strong></span> <span class='ocrx_word' id='word_1_259' title='bbox 865 4213 999 4278; x_wconf 92' lang='lat' dir='ltr'><strong>nomine</strong></span> <span class='ocrx_word' id='word_1_260' title='bbox 1021 4211 1153 4276; x_wconf 92' lang='lat' dir='ltr'><strong>ueritati</strong></span> <span class='ocrx_word' id='word_1_261' title='bbox 1176 4234 1275 4297; x_wconf 90' lang='lat' dir='ltr'><strong>repu-</strong></span> 
     </span>
    </p>
   </div>
   <div class='ocr_carea' id='block_1_4' title="bbox 0 0 1631 4974">
    <p class='ocr_par' dir='ltr' id='par_1_4' title="bbox 0 0 1631 4974">
     <span class='ocr_line' id='line_1_33' title="bbox 0 0 1631 4974; baseline 0 0"><span class='ocrx_word' id='word_1_262' title='bbox 0 0 1631 4974; x_wconf 95' lang='lat' dir='ltr'><strong> </strong></span> 
     </span>
    </p>
   </div>
  </div>
 </body>
</html>
