3260 4968
700 453 766 516 118,
788 453 820 503 te
1233 451 1274 512 93

242 629 407 706 Liberum,
432 624 675 709 Aesculapium,
694 625 870 702 Castorem,
887 621 1067 701 Pollucem,
1085 621 1273 700 Quirinum,

244 740 293 795 ast
314 729 387 808 olla,
411 739 544 813 propter
566 750 649 811 quae
665 728 762 792 datur
774 724 903 790 homini
919 746 1071 790 ascensus
1085 724 1122 788 in
1137 725 1274 804 caelum,

242 834 397 911 Mentem,
415 831 590 910 Virtutem,
608 831 778 909 Pietatem,
795 830 927 894 Fidem:
947 850 1125 911 earumque
1138 827 1276 892 laudum

245 935 381 1000 delubra
402 945 508 1012 sunto,
532 956 576 997 ue
598 934 722 998 uncula
743 933 911 996 uitiorum.

309 1038 407 1102 Sacra
427 1037 599 1101 sollemnia
613 1039 765 1102 obeunto.
789 1035 879 1100 feriis
894 1034 1002 1120 iurgia
1016 1045 1191 1098 amouento
1206 1055 1277 1098 caa-
1299 1053 1313 1092 a

244 1242 317 1290 nere,
335 1224 436 1295 quibus
454 1231 564 1294 putaret
581 1241 695 1278 usuram
712 1241 773 1278 esse
790 1223 892 1278 iustam
910 1230 939 1278 et
956 1223 1107 1294 sapientem
1124 1221 1275 1287 ciuitatem,

245 1311 278 1364 de
297 1309 431 1382 religione
449 1309 488 1364 ita
506 1309 598 1364 sanxit
611 1306 705 1364 ‘diuos
724 1316 751 1364 et
769 1327 826 1375 eos,
846 1309 894 1381 qui
912 1308 1044 1364 caelestes
1066 1325 1173 1378 semper
1189 1306 1278 1361 habiti

244 1401 315 1460 suat,
337 1394 448 1450 colunto
467 1403 495 1450 et
511 1395 584 1461 illos,
600 1393 714 1466 quasin
731 1394 807 1450 caelo
824 1395 923 1450 merita
940 1396 1105 1460 locauerunt,
1117 1391 1276 1458 Herculem,

243 1481 389 1547 Liberum,
405 1480 615 1552 Aesculapium,
636 1480 790 1546 Castorem,
809 1480 966 1546 Pollucem,
987 1477 1150 1540 Quirinum?
1170 1478 1280 1534 locaue-

244 1574 325 1632 runt,
346 1568 486 1622 Lactaata'i
509 1568 660 1622 testimonio
674 1569 835 1638 firmatum,
854 1569 941 1621 Iaaua
958 1569 1054 1621 Doara
1067 1567 1152 1637 filius
1173 1565 1281 1619 restitui

244 1655 337 1720 iussit,
356 1653 513 1708 locauerint
530 1653 746 1723 Feldhueqela'us,
767 1651 973 1707 conlocauerint
990 1653 1136 1717 Halmius,
1156 1651 1276 1716 nimium,

245 1746 274 1793 ut
292 1757 380 1811 saepe,
400 1739 521 1794 tribuens
538 1740 638 1794 liturae
655 1744 772 1809 quaeest
788 1739 819 1792 in
829 1740 872 1802 A;
892 1756 956 1792 uam
972 1757 1036 1793 usus
1053 1745 1193 1810 utrumque
1209 1738 1280 1791 reci-

241 1825 302 1896 pit:
314 1827 353 1879 sic
370 1825 474 1890 Cicero,
488 1825 536 1895 qui
547 1818 639 1895 de'aerff
656 1827 680 1890 3,
695 1827 720 1890 5,
735 1827 767 1877 25
780 1823 931 1879 Herculem
943 1825 973 1878 in
984 1823 1101 1879 concilio
1120 1823 1280 1879 caelestium

244 1909 398 1976 collocauit,
413 1912 449 1964 ad
465 1913 497 1972 Q.
504 1913 551 1979 sr.
565 1913 588 1975 1,
602 1914 625 1975 1,
640 1912 680 1975 10,
693 1911 723 1962 31
737 1909 858 1965 uirtutes
869 1908 899 1963 in
912 1910 1026 1966 deorum
1037 1928 1151 1965 numero
1165 1909 1282 1964 colloca-

243 2004 287 2051 tas
305 1998 423 2068 empsit,
442 1998 473 2051 dc
491 1996 591 2052 consol.
604 1998 649 2065 sr.
665 1999 680 2048 5
695 1997 744 2062 (14)
755 2003 819 2050 teate
831 1997 977 2051 Lactantio
990 1999 1061 2052 Iasi.
1077 1997 1133 2051 diu.
1150 1998 1174 2061 1,
1191 1998 1232 2061 15,
1247 1998 1280 2048 20

244 2083 462 2154 approbantibus
475 2081 519 2136 dis
531 2079 733 2136 immortalibus
750 2081 820 2152 ipsis
837 2081 867 2134 in
885 2099 980 2136 eorum
997 2089 1077 2138 coetu
1093 2081 1213 2136 locatam
1226 2100 1281 2152 po-

243 2170 312 2234 suit,
332 2170 454 2239 idemque
470 2169 528 2221 siae
546 2168 700 2222 discrimine
718 2167 747 2221 in
765 2166 899 2222 altissimo
924 2167 1012 2238 gradu
1029 2167 1174 2238 dignitatis
1197 2166 1281 2221 locati

247 2255 365 2324 Philipp.
381 2256 404 2319 1,
419 2257 444 2319 6,
461 2255 492 2305 14
506 2255 590 2324 (conf.
599 2271 654 2324 pro
668 2253 787 2306 Murena
801 2255 842 2318 14,
857 2254 897 2319 30)
911 2259 936 2306 et
948 2254 1000 2308 hoc
1014 2253 1111 2324 gradu,
1128 2253 1159 2307 in
1170 2271 1225 2324 quo
1237 2270 1283 2306 me

247 2348 358 2394 senatus
379 2337 554 2442 popplusque
573 2339 715 2393 Romanus
737 2338 885 2393 collocauit
904 2340 1023 2410 Philipp.
1044 2341 1074 2404 2,
1090 2341 1121 2405 3,
1137 2343 1152 2393 6
1171 2339 1282 2409 saepsit

350 2446 365 2496 2
383 2441 473 2498 alrola
487 2443 523 2495 H
600 2437 658 2496 ‘ast
674 2443 846 2496 aduersantie
863 2462 917 2496 aaa
935 2449 973 2496 est
989 2461 1083 2497 aarum
1102 2438 1278 2514 copulantis?

251 2531 402 2590 Turnebus:
417 2531 513 2599 confer
525 2528 688 2582 nouissimus
700 2530 731 2582 dc
743 2546 775 2581 ea
792 2545 855 2582 uoce
872 2529 1066 2600 disputationes
1084 2530 1160 2601 apud
1173 2529 1282 2582 8εήοεῖ-

248 2617 314 2670 lium
332 2616 414 2688 Leqa's
431 2622 478 2664 X11
497 2615 562 2668 aaa.
578 2615 627 2668 rel.
639 2632 668 2685 p.
685 2615 734 2666 108
746 2633 804 2685 sqq.
823 2617 902 2682 [auae
920 2616 1039 2670 Iordaas'
1057 2616 1147 2688 Symb.
1163 2616 1200 2670 ad
1216 2614 1279 2668 atat.

247 2719 314 2788 liaq.
330 2721 377 2774 lat.
387 2736 418 2788 p.
433 2720 484 2770 290
497 2719 563 2789 sqq]
664 2690 751 2790 ,ppidi
768 2721 802 2785 (b.
816 2739 839 2773 ε.
853 2736 907 2790 que
924 2720 954 2774 a'a
971 2736 1042 2790 quae
1060 2725 1129 2786 corr)
1152 2721 1188 2773 H

247 2805 351 2859 hommr
370 2807 392 2870 (1
409 2805 534 2858 altimum
551 2805 581 2858 ia
599 2822 697 2858 rasura
715 2811 791 2870 corr)
811 2806 839 2857 Α
969 2804 1096 2861 ascensus
1109 2807 1204 2860 ΑΒΗ
1218 2806 1281 2871 (sie)

357 2889 519 2970 celum-mre
536 2892 573 2945 Η
684 2892 700 2942 4
719 2890 785 2945 sunt
801 2909 854 2945 one
871 2890 973 2945 uncula
992 2892 1160 2946 Heiusiauus
1183 2891 1283 2946 sunto*

247 2975 356 3031 neculla
373 2980 398 3041 (o
410 2981 436 3030 et
448 2974 493 3030 cul
510 2977 540 3030 a'u
557 2993 656 3030 rasura
675 2994 746 3041 corr,
758 2978 822 3048 fuit
840 2975 905 3031 sunt
921 2976 1064 3044 oneucule)
1077 2982 1105 3032 Α
1120 2977 1285 3047 [ωιτΙοηειεε

250 3061 306 3116 ulla
316 3081 379 3117 carr
390 3062 497 3130 suntal*
509 3078 578 3129 neue
590 3059 648 3116 ulla
659 3064 702 3123 B,·
717 3057 831 3116 ‘nucula
842 3067 918 3116 uetus
928 3064 1067 3140 scriptura
1079 3069 1125 3130 est,
1140 3084 1192 3135 quo
1203 3068 1284 3136 forta

248 3151 326 3203 modo
347 3155 447 3203 ueteres
469 3149 553 3202 locuti
574 3149 834 3213 conaemnatis
857 3149 937 3202 aiam
960 3147 1094 3220 ningulus
1112 3169 1167 3220 pro
1189 3149 1285 3206 nullus

248 3234 348 3288 dietum
371 3253 427 3288 asae
449 3231 618 3289 annotetur?
643 3234 797 3295 Taraeduc,¹
816 3235 879 3290 uide
896 3252 965 3305 quac
981 3237 1120 3306 Bequa'ua
1138 3237 1168 3291 a'a
1188 3237 1284 3290 Pailo-

212 3365 214 3372 ,
248 3321 306 3392 loqo
325 3322 390 3374 1859
405 3339 436 3392 p.
453 3321 517 3385 186,
540 3338 587 3389 eqo
605 3319 635 3373 in
652 3339 717 3374 aaa.
737 3338 825 3394 qymu.
842 3323 940 3375 Austr.
954 3340 981 3375 a.
997 3323 1063 3375 1860
1077 3341 1110 3392 p.
1127 3325 1157 3375 15
1171 3323 1283 3393 scrupei-

247 3423 314 3471 mus,
333 3410 422 3477 [aeque
439 3425 481 3460 me
499 3407 531 3460 da
549 3425 608 3460 mea
625 3406 750 3478 opinione
767 3406 863 3461 deiecit
875 3408 993 3462 Iordaas'
1009 3408 1159 3478 disputatio
1178 3409 1197 3464 l.
1212 3427 1235 3462 e.
1251 3429 1284 3480 p.

248 3494 306 3558 240]
408 3505 504 3558 urcroJa
522 3495 545 3557 (c
563 3510 625 3546 corr
642 3494 671 3546 ia
687 3496 710 3560 τ)
728 3495 757 3546 Α
860 3494 1021 3548 Lactantius
1037 3495 1110 3550 Iaet.
1128 3495 1183 3550 da'u.
1200 3498 1224 3561 1,
1239 3499 1282 3562 20,

251 3579 281 3630 19
299 3578 392 3649 itaque
410 3577 579 3649 praeclaram
596 3576 672 3632 illam
689 3577 779 3648 legem
795 3585 872 3633 tuam
889 3577 1016 3644 derideo,
1037 3596 1119 3650 quam
1141 3581 1223 3653 ponis
1240 3583 1285 3637 his

248 3663 341 3718 uerbis
355 3659 411 3718 ‘ast
435 3662 506 3729 olla,
526 3671 639 3734 propter
656 3681 727 3734 quae
751 3663 833 3718 datur
849 3664 954 3719 homini
972 3682 1102 3720 ascensus
1120 3666 1150 3720 in
1167 3666 1281 3734 caelum,

247 3755 379 3815 mentem,
399 3749 547 3814 uirtutem,
568 3749 714 3820 pietatem,
739 3749 835 3815 fldem,
861 3767 1008 3821 earumque
1030 3750 1146 3806 laudum
1170 3752 1285 3808 delubra

249 3832 353 3888 sunto.³
457 3838 472 3888 5
491 3832 634 3890 sollemnia
653 3837 821 3898 Heiaaiaaus
838 3835 969 3891 solemma
981 3839 1039 3893 AB
1135 3839 1240 3894 obeuro
1252 3840 1289 3892 Η

353 3919 432 3975 feriis
450 3922 531 3994 uulqo
549 3920 650 3976 feceris
663 3924 721 3978 AB
737 3923 906 3976 Heiasa'auus
995 3940 1216 3994 rurgremouenro
1229 3927 1287 3979 AB

249 4024 339 4078 iurgia
355 4024 490 4061 rnauenro
509 4008 547 4061 Η
565 4007 657 4079 iurgia
675 4015 820 4062 amouentc
839 4008 984 4063 deteriores
1001 4010 1127 4064 nonnulli
1141 4009 1233 4080 iurgia
1251 4029 1287 4065 ne

249 4100 378 4148 monento
396 4094 578 4147 Baeebehruc
596 4099 621 4148 et
639 4093 837 4158 Mmuaaseaue,
856 4095 903 4148 scd
924 4093 1016 4164 iurgia
1038 4103 1197 4160 amouento,
1217 4114 1286 4166 quae

250 4181 366 4248 estsere
384 4179 444 4250 t‘paa
462 4179 594 4234 librorum
612 4180 759 4250 scriptura,
774 4181 873 4251 opinor
884 4187 938 4234 tam
956 4185 1026 4234 recte
1044 4180 1101 4234 diei
1115 4199 1194 4251 quam
1212 4199 1288 4236 amo-

249 4281 315 4319 uere
328 4281 394 4334 opes
408 4269 447 4336 (q.
462 4267 504 4330 92,
521 4268 547 4330 1;
565 4267 623 4332 102,
639 4269 671 4332 1),
687 4265 840 4320 adsentatio
854 4265 951 4337 procul
968 4273 1129 4320 amoueatur
1142 4267 1226 4332 (Lael.
1241 4270 1286 4335 24,
