3250 4974
357 399 395 456 14
779 395 834 456 ι4,
856 393 969 444 13-14

353 565 415 629 uili
437 565 591 649 suptilius
607 586 706 648 quam
728 564 848 628 ceteri?
869 586 946 628 nam
966 586 985 627 a
1003 563 1108 647 primo
1131 575 1276 648 tempore
1299 577 1388 630 aeta—

354 669 397 732 tis
418 668 483 732 iuri
505 669 635 732 studere
658 679 690 732 te
713 667 861 746 memini,
888 689 987 751 quom
1012 667 1081 752 ipse
1105 668 1204 732 etiam
1226 669 1268 731 ad
1290 669 1387 734 Scae—

354 772 465 836 uolam
487 771 692 850 uentitarem,
716 793 823 854 neque
846 792 1004 853 umquam
1025 771 1108 835 mihi
1130 771 1221 835 uisus
1241 793 1275 834 es
1294 771 1340 834 ita
1355 782 1386 836 te

354 875 396 938 ad
419 875 596 938 dicendum
619 867 753 953 dsdisse,
778 884 816 936 ut
837 874 889 937 ius
912 873 1010 938 ciuile
1034 886 1267 939 contemneres.
1334 957 1335 964 ἵ

323 997 336 1037 s
418 979 568 1042 Menovs
605 979 647 1042 ln
673 978 811 1062 longum
837 998 1021 1041 sermonem
1049 1001 1102 1042 me
1129 1000 1242 1057 uocas,
1267 977 1384 1057 Attice,

353 1103 452 1164 quem
474 1092 592 1159 tamen,
617 1080 681 1145 nisi
697 1080 842 1148 Quintus
858 1081 948 1144 aliud
964 1080 1043 1162 quid
1058 1102 1117 1144 nos
1133 1102 1227 1165 agere
1246 1081 1383 1160 mauult,

353 1183 537 1268 suscipiam,
562 1195 602 1264 et,
628 1184 784 1267 quoniam
805 1183 904 1247 uacui
926 1206 1046 1262 sumus,
1072 1183 1187 1246 dicam.

418 1287 578 1355 QVINTVS.
613 1289 683 1372 Ego
711 1309 789 1351 uero
817 1287 959 1351 libenter
986 1287 1160 1365 audierim,
1189 1286 1269 1370 quid
1295 1287 1385 1351 enim

354 1378 447 1476 agam
469 1390 577 1474 potius
600 1400 657 1453 aut
677 1391 794 1473 inquo
814 1391 931 1454 melius
953 1391 1043 1454 hunc
1067 1412 1257 1454 consumam
1278 1390 1386 1454 diem?

311 1509 335 1550 1⁰
417 1495 568 1558 Mincvs.
600 1493 691 1561 Quin
713 1493 814 1611 igitur
836 1493 957 1557 odilla
979 1493 1084 1578 spatia
1103 1505 1214 1558 nostra
1228 1495 1384 1577 sedesque
1398 1503 1435 1558 14

353 1596 527 1681 pergimus,
550 1597 616 1676 ubi,
640 1618 716 1660 cum
730 1608 779 1661 sat
779 1597 807 1660 is
766 1597 884 1661 terit
899 1598 1111 1676 ambulatum,
1129 1596 1383 1680 requiescemus,
1439 1623 1441 1628 ’

352 1721 414 1763 nec
436 1700 582 1783 profecto
604 1699 698 1764 nobis
721 1700 893 1764 delectatio
916 1700 1000 1764 derit
1022 1700 1113 1764 aliud
1135 1721 1176 1764 ex
1199 1700 1262 1765 alio
1285 1722 1386 1824 quae-

353 1813 426 1866 rent
413 1802 509 1866 tibus.

317 1993 334 2024 s
362 1909 569 1970 Armovs.
600 1906 670 1970 Nos
686 1928 764 1970 uero
781 1916 814 1970 et
827 1906 889 1969 hac
905 1905 1039 1990 quidem
1054 1906 1095 1969 ad
1109 1905 1260 1970 Lirem'
1236 1927 1263 1979 si
1278 1905 1386 1988 placet

358 2215 540 2277 Quintilianus
558 2215 623 2270 dicit
646 2215 720 2282 (inst.
735 2232 775 2269 or
792 2218 815 2280 1,
831 2217 856 2280 4,
873 2217 917 2280 11)
941 2213 1067 2269 Ciceroni
1086 2213 1225 2285 placuisse
1243 2212 1297 2267 aiio
1314 2212 1386 2266 Mai·

354 2301 463 2372 iamque
481 2301 620 2372 geminata
637 2300 646 2354 i
665 2301 794 2356 scribere.
897 2303 908 2352 1
930 2297 1060 2370 suprrhus
1076 2301 1121 2353 aad
1138 2299 1188 2355 sub
1206 2318 1268 2354 corr
1279 2302 1306 2353 A
1324 2299 1385 2354 sub·

351 2403 433 2459 nhus
445 2406 509 2460 BH
609 2421 694 2485 cereri
711 2403 879 2459 Heinsianus
897 2401 998 2456 cereris
1013 2405 1069 2458 ΑΒ
1172 2422 1235 2458 nam
1252 2406 1280 2457 A

353 2511 369 2561 2
388 2525 465 2561 mn*
476 2508 547 2577 [fuit
564 2507 633 2561 runs
636 2511 642 2573 )
665 2510 692 2561 A
795 2524 904 2560 menum
921 2524 983 2561 corr
1000 2524 1110 2560 memm1
1127 2508 1155 2559 A
1259 2523 1340 2577 quom
1358 2507 1385 2560 A

353 2615 386 2664 cir
398 2611 426 2664 B
444 2626 507 2663 cum
524 2626 586 2664 corr
603 2610 632 2664 ia
645 2627 709 2680 qum
725 2611 820 2665 deinde
837 2610 957 2664 radendo
975 2611 1098 2681 effectum
1109 2627 1165 2680 qun
1182 2610 1234 2676 (asc)
1251 2611 1287 2664 H

354 2711 490 2767 sceuolam
507 2714 571 2766 AH
585 2678 708 2767 ceuolam
725 2715 754 2768 B
887 2713 901 2763 3
920 2728 1052 2767 uenrrare
1070 2715 1098 2766 A
1115 2730 1258 2768 uenurara
1276 2714 1322 2767 aed
1339 2714 1385 2766 ars

353 2816 412 2852 corr
427 2815 464 2870 pr
481 2799 509 2852 B
526 2816 668 2852 uenurare
683 2800 719 2852 H
814 2801 830 2850 4
848 2798 1034 2852 contemneris
1049 2815 1109 2851 corr
1126 2798 1156 2852 es
1170 2800 1227 2853 AB
1244 2815 1385 2868 contemp-

353 2884 434 2939 neres
457 2889 504 2987 (or
502 2889 565 2938 ante
539 2883 640 2939 tsin
657 2902 703 2937 ras
721 2888 791 2950 corr)
814 2885 850 2938 H
978 2887 992 2935 5
1018 2883 1172 2938 sermonum
1194 2903 1255 2938 corr
1278 2902 1341 2938 nem
1357 2885 1385 2937 A

455 3006 499 3042 me
495 2961 598 3042 reuocas
607 2988 643 3041 H
743 2989 758 3040 6
776 2986 910 3056 qumsrus
917 2989 946 3038 A
960 2961 1075 3056 quietus
1084 2988 1112 3041 Β
1126 2987 1242 3057 qumrus
1251 2988 1287 3041 H

353 3056 424 3144 alius
438 3093 474 3146 H
585 3107 648 3160 qun
666 3107 724 3144 corr
741 3088 808 3158 qurd
825 3092 853 3143 A
970 3090 1092 3144 'ldnam
1108 3091 1145 3144 H
1256 3088 1389 3145 9mehus

358 3176 411 3242 (l
399 3197 428 3232 aa
446 3195 492 3231 ras
510 3179 583 3242 corr)
605 3178 642 3231 H
750 3174 932 3246 consummam
946 3150 1115 3230 Heinssanus
1133 3175 1260 3230 confirma
1277 3178 1305 3229 A
1322 3192 1385 3229 cou-

353 3262 456 3317 summa
468 3264 496 3317 Β
593 3264 625 3315 10
644 3261 715 3315 Cum
732 3279 795 3314 corr
805 3258 881 3319 Qum
892 3262 929 3314 H
1020 3260 1108 3332 spana
1119 3263 1156 3315 H
1170 3261 1260 3332 spaera
1271 3263 1299 3315 A

353 3364 452 3420 adillas
466 3382 544 3436 pacra
561 3368 590 3421 B
707 3365 735 3414 11
755 3363 865 3436 pg1mus
879 3366 915 3419 H
929 3339 1035 3435 perglrb
1053 3365 1081 3418 Β
1098 3364 1246 3434 pergamus
1259 3366 1306 3419 red
1322 3383 1339 3418 a
1355 3371 1385 3418 ut

353 3468 461 3522 uidetur
479 3470 578 3521 corrA
662 3431 895 3521 ambularumH
979 3469 1010 3521 12
1024 3442 1206 3530 denrABH,
1217 3469 1258 3570 cf.
1267 3486 1298 3538 p.
1312 3471 1336 3533 1,
1353 3471 1383 3520 10

439 3568 510 3624 ahur
529 3573 558 3626 B
661 3569 816 3640 querenub;
831 3572 899 3635 AH,
918 3572 1085 3650 quecorrB
1178 3571 1210 3621 14
1228 3573 1300 3626 acB

353 3654 389 3709 ad
399 3654 492 3710 Lirem
504 3658 610 3712 Bakt'm
629 3656 733 3711 adirem
745 3659 801 3711 AB
818 3655 894 3711 adire
906 3657 1089 3720 Heinoianum
1109 3656 1157 3710 illo
1170 3655 1206 3709 ad
1217 3655 1311 3710 Lirem
1322 3656 1384 3710 uni-

352 3759 427 3794 uerse
444 3742 517 3813 repio
535 3743 711 3814 sspnt'ficatur,
727 3743 770 3796 oui
787 3743 921 3796 commode
942 3743 1120 3798 aabiicsuotur
1136 3745 1209 3808 haec,
1230 3742 1323 3812 quibus
1341 3761 1384 3798 oc-

353 3827 472 3881 curatius
498 3829 545 3882 aia
567 3828 727 3899 desipnetur,
753 3845 803 3898 per
825 3827 913 3899 ripam
937 3835 965 3883 et
985 3829 1124 3893 umbram;
1145 3835 1170 3882 et
1186 3828 1279 3882 Lirem
1299 3829 1384 3882 norni-

351 3913 416 3967 narr'
430 3932 488 3968 cum
503 3919 596 3987 aptum
617 3915 653 3968 sit
666 3919 781 3984 propter
797 3913 886 3984 ripam
904 3920 957 3968 tom
974 3933 1058 3985 prope
1077 3915 1255 3968 necessarium
1271 3919 1385 3984 propter

351 4019 382 4054 ca
395 4017 461 4070 quae
478 4000 507 4054 sn
520 4001 660 4071 prooemio
678 4001 786 4054 somniis
802 4000 869 4054 libri
881 4002 904 4066 1,
921 4002 933 4052 1
948 4001 1082 4055 abeodem
1094 4000 1184 4054 Attico
1202 4001 1336 4066 dicuntur,
1353 3999 1383 4054 iu

350 4086 481 4151 Fibreno,
501 4104 564 4140 nam
579 4086 678 4157 opinor
692 4085 722 4140 id
739 4082 782 4139 illi
800 4083 879 4140 alteri
897 4085 1004 4140 flumini
1021 4104 1120 4141 nomen
1135 4091 1185 4151 est,
1200 4106 1267 4158 quae
1281 4088 1330 4141 uin
1340 4105 1383 4141 aa·

352 4173 387 4226 tio
404 4177 465 4242 apte
484 4173 540 4227 dici
555 4172 706 4237 uideantur,
724 4189 856 4241 nusquam
869 4173 898 4227 in
911 4173 1092 4242 superioribus
1103 4172 1213 4227 alterius
1226 4174 1322 4236 omnis,
1337 4173 1385 4244 qui
