3252 4964
366 419 424 478 174
810 426 845 466 111
863 416 887 478 5,
910 415 942 466 12

361 609 465 671 paene
487 595 616 649 nostrae
643 585 801 664 ciuitatis,
826 585 887 649 etsi
911 607 930 648 a
952 595 984 649 te
1010 584 1148 669 paulurn
1174 584 1320 648 adlatum
1347 595 1395 648 est

362 689 451 754 noui.

427 794 577 858 Missis.
609 791 811 869 Rectissime,
830 791 963 869 Quinte,
982 789 1229 870 animaduertis;
1249 790 1331 854 haec
1348 803 1396 854 est

363 896 467 974 enim,
494 916 593 978 quam
616 893 726 978 Scipio
755 894 867 976 laudat
889 894 925 957 in
947 894 1012 957 illis
1034 895 1127 958 libris
1149 905 1182 958 et
1204 917 1303 976 quam
1325 917 1396 957 ma-

333 1000 450 1068 ixime
480 999 596 1083 probat
623 997 894 1081 temperationem
922 998 969 1061 rei
997 998 1163 1080 publicae,
1195 1019 1278 1080 quae
1310 997 1397 1060 effici

362 1124 430 1167 non
451 1102 610 1187 potuisset
631 1099 696 1162 nisi
715 1100 773 1163 tali
797 1100 1013 1185 descriptione
1036 1101 1295 1186 magistratuum.
1318 1121 1397 1162 nani

362 1207 408 1270 sic
430 1205 595 1282 habetote,
621 1202 862 1286 magistratibus
884 1203 1001 1286 iisque,
1028 1204 1085 1286 qui
1106 1203 1264 1288 praesint,
1290 1204 1396 1267 conti-

362 1310 434 1373 neri
456 1330 525 1371 rem
546 1306 714 1390 publicam
737 1315 769 1370 et
792 1329 834 1370 ex
855 1328 968 1370 eorum
984 1307 1216 1390 conpositione,
1235 1307 1322 1390 quod
1338 1329 1396 1370 cu-

362 1411 478 1494 iusque
501 1410 549 1474 rei
570 1409 722 1493 publicae
744 1431 848 1493 genus
871 1410 925 1489 sit,
950 1409 1108 1496 intellegi.
1140 1432 1297 1493 quaeres
1321 1432 1397 1472 cuin

321 1542 346 1582 10
363 1513 600 1598 sapientissime
629 1512 950 1596 moderatissimeque
981 1515 1158 1577 constituta
1181 1523 1265 1576 esset
1286 1534 1305 1574 a
1326 1535 1397 1575 ma-

368 1823 439 1888 [item
453 1823 495 1886 H]
507 1821 657 1874 testimonio
671 1823 754 1885 166,8
767 1819 863 1891 populi
875 1821 962 1892 partis
974 1821 1004 1875 in
1016 1821 1106 1876 tribus
1118 1820 1398 1894 discribuntofirrna-
1439 1835 1443 1840 '

365 1912 416 1972 tur,
431 1911 457 1960 et
469 1912 556 1960 minen
568 1908 611 1960 uel
622 1908 664 1960 liic
676 1907 797 1961 dubitare
809 1907 908 1973 licebit,
920 1926 984 1962 nuru
996 1907 1088 1962 Cicero
1101 1926 1155 1961 uno
1168 1914 1257 1962 tenore
1268 1907 1297 1961 in
1307 1909 1398 1964 tribus

365 1991 547 2057 discribunto,
568 1992 674 2064 prolem
692 1993 868 2047 describunto
885 1993 1018 2054 uoluerit:
1041 1996 1138 2065 consor
1150 2011 1182 2063 p.
1194 1997 1253 2059 204,
1267 1996 1296 2059 2;
1317 2013 1400 2064 neque

366 2075 511 2132 caelestem
524 2077 729 2150 discriptionem
742 2097 772 2148 p.
784 2081 826 2144 23,
841 2082 857 2131 9
867 2084 935 2150 puto
948 2079 1015 2134 satis
1026 2081 1070 2133 uel
1081 2099 1098 2133 a
1110 2079 1306 2153 sipni'Jlratione
1321 2082 1366 2135 uel
1383 2099 1400 2134 a

367 2163 496 2218 librorum
508 2165 660 2218 testimonio
673 2166 717 2219 uel
730 2165 843 2236 olenimu
854 2167 971 2236 exemplo
983 2166 1022 2231 (ds
1036 2170 1094 2219 nat.
1110 2166 1180 2220 deor.
1195 2168 1218 2231 1,
1235 2169 1276 2232 11,
1291 2170 1323 2220 26
1336 2169 1397 2220 coll.

366 2251 481 2304 Aristot.
489 2251 571 2321 phys.
586 2253 611 2316 8,
628 2253 652 2316 1)
666 2251 818 2305 uindicari:
836 2252 917 2305 immo
934 2251 1004 2305 milii
1019 2252 1084 2306 baec
1101 2250 1227 2306 caelestis
1247 2250 1398 2322 discriptio,

367 2336 412 2390 cui
422 2337 485 2390 oleos
497 2337 663 2406 hominesque
675 2354 773 2406 parere
785 2338 844 2391 uult
855 2337 979 2408 δενδρίον,
996 2356 1097 2409 parurn
1109 2343 1168 2408 apte
1180 2338 1319 2408 appellari
1328 2338 1402 2391 uitls·

367 2426 419 2486 tur,
434 2426 460 2475 et
472 2421 617 2476 caelestem
628 2421 841 2493 descriptionem
856 2425 939 2494 (quern
956 2425 993 2477 ad
1010 2425 1115 2477 moduni
1131 2424 1268 2478 Turnebus
1285 2423 1402 2493 explicat

362 2503 405 2560 ‘ut
416 2509 496 2581 uulpo
508 2507 649 2577 loquimur,
664 2508 799 2562 ordinatio
811 2514 837 2563 et
848 2508 1023 2576 constitutio')
1037 2529 1096 2564 curn
1108 2508 1270 2564 aedificandi
1282 2508 1402 2580 descrip-

364 2594 440 2646 tione
453 2595 484 2647 de
499 2596 548 2664 off.
564 2595 587 2657 1,
603 2594 644 2658 39,
661 2595 709 2646 138
723 2597 847 2664 conferre
858 2597 952 2649 rnalim
970 2601 997 2656 et¹
1007 2599 1072 2668 sere
1089 2598 1119 2650 iu
1138 2615 1196 2650 eam
1213 2597 1269 2650 uim
1280 2596 1400 2665 dicipu-

366 2679 494 2743 tauerim,
515 2697 567 2748 qua
586 2679 618 2731 de
626 2681 682 2750 fin.
696 2681 724 2744 3,
740 2682 786 2743 22,
802 2683 835 2732 74
852 2688 964 2746 natura,
985 2698 1040 2751 qua
1057 2680 1128 2735 nihil
1146 2689 1188 2736 est
1205 2683 1309 2753 aptius,
1330 2680 1401 2735 nihil

367 2762 532 2833 descriptius
550 2766 595 2818 uel
610 2766 642 2816 ele
659 2767 841 2831 nutricant,
857 2769 899 2831 40,
915 2769 965 2820 104
981 2784 1097 2837 quarum
1115 2767 1273 2834 (stellarum)
1296 2769 1335 2822 ita
1352 2767 1398 2822 de-

367 2847 469 2917 scripta
487 2847 627 2903 distinctio
646 2857 702 2905 est:
723 2856 749 2904 et
765 2856 826 2905 sunt
843 2852 908 2914 alio,
927 2871 994 2922 quae
1010 2854 1092 2908 uelirn
1109 2855 1261 2908 accuratius
1280 2854 1401 2908 conside·

367 2935 428 2988 rari
444 2934 476 2986 ab
489 2935 531 2999 iis,
548 2935 596 3004 qui
612 2936 716 2989 nouicii
732 2938 856 2990 uocabuli
872 2938 953 2992 nirnis
970 2944 1001 2993 ut
1017 2940 1086 2993 milii
1101 2940 1209 2994 uidetur
1226 2941 1340 2994 studiosi
1354 2939 1401 2994 de·

368 3019 506 3073 scribendi
524 3020 633 3082 uerbum
643 3023 709 3092 sere
721 3025 829 3077 exulare
841 3043 873 3078 eu
885 3024 1020 3079 latinitate
1035 3026 1150 3081 iubeant.
1167 3028 1254 3092 [Haec
1266 3027 1398 3096 relinquo,

369 3106 432 3176 quia
448 3126 519 3160 nunc
537 3107 607 3160 idem
624 3109 695 3178 quod
713 3109 778 3163 olim
795 3111 893 3176 sentio,
914 3111 986 3164 alias
1009 3111 1114 3184 loupiac
1136 3113 1205 3164 bane
1223 3112 1401 3180 quaestionari

362 3196 560 3264 persecuturus]
666 3197 677 3246 1
697 3213 785 3265 poene
803 3201 829 3250 A
846 3213 916 3276 pene
936 3198 972 3250 H
1072 3195 1161 3251 allari'i
1178 3200 1207 3252 B
1310 3199 1325 3249 3
1344 3215 1400 3251 ree·

366 3294 549 3376 sissimeBH
630 3271 802 3352 aniaduerns
811 3300 846 3352 H
929 3297 1041 3370 4spicio
1054 3302 1082 3354 B
1179 3299 1398 3366 illisornABII,

367 3384 434 3436 addi
449 3382 529 3435 iussit
544 3382 691 3447 Turnebus,
712 3385 749 3452 cs.
758 3402 789 3454 p.
807 3387 910 3450 197,15
991 3403 1125 3440 maximae
1143 3388 1171 3440 B
1269 3390 1284 3438 5
1303 3388 1402 3457 probat

328 3481 331 3486 ·
367 3487 384 3520 a
402 3487 463 3521 corr
480 3469 689 3538 superscriplum
707 3470 743 3522 H
854 3488 907 3540 que
924 3472 960 3524 H
1074 3471 1243 3542 spotuiss&
1256 3474 1401 3526 Monacen-

366 3553 403 3606 sis
420 3552 542 3622 poruisse
558 3556 651 3608 ΑΒΗ
752 3559 766 3607 7
782 3553 1000 3625 magistratibus·
1020 3554 1119 3628 siisque
1139 3557 1292 3628 (iniquae)
1312 3559 1406 3612 ABH

367 3637 549 3708 magistrarib3
567 3637 632 3710 hisq;
652 3641 826 3694 Monacensis
954 3640 1060 3712 prasini
1077 3646 1105 3698 A
1226 3646 1351 3698 Satan
1369 3645 1406 3698 H

463 3722 653 3794 conpositione
665 3729 783 3781 ABsed
800 3744 878 3798 comp
897 3744 959 3780 corr
976 3728 1005 3781 in
1017 3731 1045 3782 A
1063 3727 1260 3800 compositione
1277 3731 1313 3783 H

368 3809 501 3879 cuiusque
519 3809 704 3880 reipublicae
726 3813 875 3877 Turnebus,
895 3812 932 3866 R.
946 3814 1097 3883 Stephanus
1120 3813 1181 3868 eius
1195 3833 1249 3886 que
1266 3833 1353 3887 mrep.
1373 3818 1401 3868 A

369 3902 417 3967 eiq3
437 3914 466 3949 in
483 3913 541 3966 rep.
556 3899 583 3950 B
602 3895 727 3969 eiuslque
740 3912 844 3952 inii-1>-
860 3900 896 3952 H
985 3903 1001 3952 9
1021 3898 1107 3969 genos
1122 3919 1183 3955 corr
1195 3901 1283 3971 genus
1287 3908 1315 3956 A

368 3981 489 4051 mielligi
507 4000 577 4052 quae
595 3980 641 4036 res
650 3987 678 4036 A
695 3982 842 4054 intelligiq;
863 3981 908 4038 ies
919 3987 954 4039 H
967 3984 1219 4056 miellegiq31esB
1312 3989 1343 4040 10
1362 3985 1401 4040 sa·

368 4073 553 4154 pientissimis
569 4083 804 4139 moderannssime
817 4104 870 4156 que
883 4090 908 4139 A
921 4085 1117 4170 sapientissime
1134 4088 1305 4144 moderantis
1309 4089 1401 4159 {simae

367 4205 437 4258 quse
448 4193 477 4245 B
495 4186 690 4268 sapientissime
700 4163 926 4257 lmoderirissime
941 4208 994 4272 que
1010 4194 1063 4258 (sed
1080 4211 1142 4247 corr
1153 4210 1223 4263 meq,
1238 4201 1298 4280 que)
1314 4194 1402 4248 Hein-
