3260 4968
595 444 678 507 1112,
699 442 843 506 31-13,
865 443 897 495 33
1199 447 1253 506 ιιι

228 615 310 700 quid
331 614 465 700 grauius
487 636 586 698 quam
608 635 678 678 rem
700 624 885 699 susceptam
908 612 1026 691 dirimi,
1051 614 1079 678 si
1102 636 1188 679 unus
1204 636 1263 678 au-

228 741 291 803 gur
311 711 387 781 ‘alio
410 711 477 781 die'
499 717 639 780 dixerit?
658 716 739 800 quid
761 717 1025 802 magnificentius
1049 739 1149 800 quam
1169 739 1263 802 posse

229 822 404 885 decernere
436 831 475 884 ut
507 819 699 905 magistratu
734 841 768 884 se
795 819 949 884 abdicent
977 820 1151 883 consulent
1183 820 1264 903 quid

229 923 413 1009 religiosius
440 945 539 1006 quam
566 944 643 986 cum
658 923 806 1014 spopqu,
835 945 912 987 cum
939 923 1035 1007 plebe
1063 923 1182 1007 agendi
1210 923 1262 988 ius

229 1037 287 1091 aut
313 1026 390 1090 dare
419 1036 571 1090 autnon
598 1026 689 1104 dare,
721 1024 801 1109 quid
828 1026 917 1109 leges
944 1047 1011 1089 non
1038 1026 1110 1089 iure
1137 1035 1263 1110 rogatas
1294 1046 1306 1085 a

227 1130 356 1208 tollere,
385 1139 424 1193 ut
449 1128 571 1193 Titiam
589 1129 724 1193 'decreto
753 1127 895 1212 conlegi,
924 1141 963 1192 ut
984 1126 1098 1192 Liuias
1127 1127 1263 1192 consilio

228 1232 384 1317 Philippi,
402 1232 545 1296 consulis
568 1242 601 1296 et
622 1231 764 1317 auguris,
788 1232 874 1295 nihil
897 1231 994 1309 domi,
1018 1229 1104 1294 nihil
1126 1230 1263 1294 militiae

228 1357 288 1420 per
316 1335 524 1420 magistratus
554 1345 684 1420 gestum
710 1333 781 1398 sine
809 1355 922 1398 eorum
950 1333 1143 1397 auctoritate
1169 1355 1262 1418 posse

229 1437 386 1520 cuiquam
406 1437 558 1523 probarit

179 1519 221 1587 ¹3
293 1543 446 1605 Amcvs.
477 1544 556 1626 Age,
580 1539 647 1603 iam
669 1541 731 1605 ista
750 1540 848 1604 uideo
863 1539 1032 1623 fateorque
1048 1561 1117 1603 esse
1133 1561 1260 1625 magna,
1282 1559 1306 1601 33

179 1613 278 1708 32331
300 1644 406 1708 estin
429 1642 579 1728 conlegio
600 1654 709 1707 uestro
732 1644 819 1707 inter
839 1644 1036 1707 Marcellum
1059 1654 1092 1706 et
1105 1643 1260 1728 Appium,

229 1748 367 1832 optimos
397 1769 545 1832 augures,
576 1768 697 1835 magna
718 1744 884 1824 dissensio,
909 1768 987 1810 nam
1010 1767 1123 1810 eorum
1146 1769 1205 1832 ego
1228 1748 1263 1810 in

227 1851 328 1915 libros
349 1850 459 1930 incidi,
486 1872 562 1913 cum
585 1849 678 1914 alteri
700 1850 829 1934 placeat
851 1850 997 1934 auspicia
1018 1849 1082 1912 ista
1104 1850 1146 1913 ad
1171 1849 1263 1914 utili-

229 1964 330 2018 tatem
352 1975 420 2017 esse
443 1954 491 2017 rei
512 1952 665 2037 publicae
688 1953 874 2036 composita,
900 1953 995 2017 alteri
1015 1951 1189 2037 disciplina
1204 1975 1263 2016 ue-

231 2179 242 2227 1
267 2140 372 2246 quriB
440 2173 571 2229 <immissi
593 2175 663 2245 [fait
681 2174 810 2241 drnmufi)
833 2178 861 2231 Β
937 2174 1017 2229 acie
1034 2175 1142 2229 addidit
1163 2176 1263 2229 Tarne-

230 2279 277 2332 aa
295 2279 354 2332 333.
371 2277 494 2349 mattea.
509 2280 541 2343 3,
556 2279 603 2343 33,
618 2279 660 2332 sa.
675 2280 708 2332 34
816 2252 1067 2333 3133333333
1176 2279 1190 2330 3
1208 2295 1264 2333 ma-

230 2363 395 2434 3131331333
413 2362 542 2419 abdicent
558 2364 703 2419 deteriores
719 2363 902 2435 magistratus
908 2368 912 2432 Ι
922 2363 1049 2418 eadrcenr
1066 2365 1160 2419 ΑΒΗ

232 2469 248 2519 4
266 2465 326 2522 cbm
343 2465 446 2538 populo
463 2469 492 2521 A
595 2471 611 2520 5
638 2442 785 2524 3133333
888 2466 966 2538 13333
989 2484 1045 2520 non
1068 2465 1129 2521 iure
1152 2474 1264 2537 rogatas

229 2551 327 2607 tollere
349 2554 386 2607 Β.
406 2555 559 2625 8133133333
581 2555 659 2625 (qaod
683 2558 773 2608 331333
796 2553 826 2607 in
850 2554 936 2623 copiis
960 2552 1123 2609 Victoriana
1145 2553 1265 2608 33333ιά13

232 2641 488 2707 113333313313133)
504 2637 583 2709 leges
596 2657 652 2693 uon
669 2656 730 2693 rure
747 2655 848 2708 333333
866 2638 909 2693 313
924 2637 1027 2693 tollere
1038 2639 1103 2694 ΑΗ
1115 2637 1194 2708 13331
1207 2639 1259 2705 (sic)

230 2742 286 2778 non
303 2742 364 2779 rure
381 2741 481 2794 rogata
498 2731 513 2778 3
528 2723 631 2780 tollere
647 2727 676 2780 Β
691 2723 782 2794 legem
801 2725 825 2780 si
842 2743 897 2778 non
914 2723 976 2779 iure
993 2731 1090 2795 rogata
1109 2730 1151 2778 est
1167 2722 1266 2779 tollere

231 2811 383 2875 3313313333,
402 2812 433 2865 id
449 2811 519 2882 qnod
530 2816 642 2882 praeter
658 2817 757 2865 3313333
775 2813 942 2865 Memmiana
965 2812 1015 2877 (Da
1032 2811 1085 2865 iar.
1098 2810 1171 2881 publ.
1187 2811 1265 2865 11333.

233 2899 245 2949 1
262 2915 292 2968 p.
306 2898 346 2963 41)
366 2897 483 2968 probari
498 2897 591 2952 uideo:
608 2897 679 2951 mibi
687 2897 783 2964 fateor
799 2899 914 2952 31133333
930 2898 974 2952 nal
992 2917 1009 2952 a
1025 2897 1162 2951 latinitate
1179 2896 1266 2968 333313

231 2983 419 3049 3333333331,
440 2995 464 3036 et
481 2981 692 3052 rogatastollere
703 2983 792 3053 facile
809 2983 884 3037 abira
895 2984 926 3037 ia
942 2990 1040 3054 rogata
1053 2989 1095 3038 est
1107 2981 1207 3037 tollere
1214 3001 1268 3054 po-

208 3111 215 3130 ,
231 3073 311 3134 terat,
325 3069 394 3122 ntia
410 3069 471 3123 Ter.
485 3070 554 3124 Hac.
564 3069 640 3140 prol.
655 3071 687 3120 57
701 3076 806 3140 emptas
817 3086 878 3123 meo
891 3069 921 3123 in
932 3068 1063 3123 Bembina
1082 3069 1211 3138 3333131333
1228 3074 1266 3122 331

235 3161 326 3225 empta
343 3161 386 3209 est
401 3170 477 3220 meo;
502 3159 527 3208 et
550 3155 580 3208 in
603 3155 768 3210 contrariam
782 3161 889 3223 partam
905 3154 936 3208 in
952 3155 996 3208 bis
1013 3153 1082 3224 13333
1099 3154 1178 3208 lebria
1194 3155 1266 3226 quod

230 3239 340 3294 debebat
356 3259 411 3294 3333
428 3247 570 3311 practerea
587 3247 630 3295 est
646 3247 739 3294 autem
751 3259 782 3310 p.
800 3242 842 3305 26,
863 3242 878 3293 2
896 3244 1036 3294 exaratam
1053 3244 1092 3294 331
1108 3246 1266 3310 praetereas

232 3332 338 3390 autem;
359 3328 397 3396 cs.
416 3328 442 3391 2,
457 3328 498 3392 22,
514 3329 547 3381 56
669 3328 685 3378 6
709 3325 810 3381 Titiam
831 3325 970 3380 Turnebus
988 3332 1046 3380 ena
1062 3330 1160 3393 (enam)
1177 3327 1270 3381 ΑΒΗ

345 3411 441 3466 Liuias
459 3412 591 3466 Victorias
607 3410 697 3466 lamas
711 3413 775 3468 BH
787 3410 877 3466 loures
891 3413 919 3465 A
1032 3410 1155 3466 consulis
1173 3419 1201 3467 et
1218 3430 1266 3467 au-

233 3496 310 3566 guris
322 3498 359 3552 Β.
369 3498 521 3568 &minans
533 3496 660 3552 consules
670 3515 700 3552 33
712 3497 832 3568 augures
843 3500 936 3554 ΑΒΗ
1020 3501 1034 3550 l
1048 3497 1141 3553 domm
1152 3501 1181 3554 Β

231 3581 347 3638 militiae
366 3584 401 3638 R.
415 3584 576 3654 Stephanae,
599 3583 737 3638 Turnebus
754 3584 876 3639 samrhae
892 3586 987 3640 ΑΒΗ
1082 3587 1098 3638 8
1116 3583 1267 3655 gestussmr

233 3682 283 3736 333
301 3671 471 3723 auctoritati
489 3671 582 3725 ΑΒΗ
600 3670 667 3737 (sic),
691 3689 754 3726 3333
770 3672 799 3725 in
817 3671 992 3726 deterioribus
1008 3676 1039 3724 at
1056 3671 1164 3726 nidctar

233 3756 250 3806 9
268 3770 313 3808 333
328 3760 430 3824 333333
445 3757 474 3810 Β
567 3758 599 3810 10
617 3773 669 3827 333
691 3760 717 3827 (3
729 3761 797 3824 coar)
819 3759 855 3812 H
949 3756 1064 3827 magnas
1077 3758 1103 3812 &
1116 3764 1131 3811 3
1143 3759 1200 3812 ΑΒ
1211 3775 1266 3811 ma·

233 3838 302 3910 3331
315 3840 341 3894 a
358 3842 374 3893 ἔ
392 3859 452 3896 coar
468 3859 515 3895 333
531 3841 696 3914 3333333131
713 3843 909 3897 eHeinrianas
998 3844 1027 3894 11
1048 3860 1141 3914 aprum
1152 3844 1180 3896 A

235 3944 268 3995 12
285 3942 410 3999 obrimus
423 3961 484 3998 carr
494 3944 555 4000 mos
564 3947 592 3999 A
611 3912 740 4050 opmifloa
757 3945 878 4017 opnmos
892 3949 909 4013 (1
921 3951 946 4000 31
961 3964 977 4000 o
990 3947 1020 4000 in
1031 3963 1139 4011 rasura,
1159 3946 1267 3999 aidetar

232 4045 366 4116 optumus
366 4047 464 4118 fidere)
475 4049 512 4102 Η
621 4048 731 4105 dissensi
740 4052 767 4104 A
780 4047 908 4106 dissensio
917 4077 924 4091 ·
932 4057 969 4104 na
985 4053 1008 4116 (o
1018 4056 1070 4103 ma
1081 4049 1110 4103 in
1121 4053 1225 4114 rasura)
1234 4050 1271 4102 H

345 4151 376 4202 1³
399 4136 432 4205 33
450 4152 478 4204 A
495 4167 559 4205 eum
581 4127 849 4223 (3333331333
869 4153 999 4208 atrata
1017 4153 1110 4218 3333)
1131 4153 1168 4205 rr

234 4233 343 4289 3133333
371 4235 399 4302 (s
419 4240 538 4302 3333333)
562 4239 655 4293 ABH
806 4237 940 4308 31333333
964 4237 1086 4310 auspicia
1108 4239 1136 4291 A
