3250 4974
670 477 681 516 1
701 466 740 529 11,
761 465 793 516 n
1207 469 1249 532 33

166 643 205 699 32
215 647 287 698 tum
309 635 398 718 quod
418 645 555 698 naturae
580 636 733 699 interitus
761 636 893 700 uidetur
918 637 1022 720 sequi.
1050 641 1249 722 propterque

215 737 394 803 honestatis
420 749 454 801 et
480 739 602 823 gloriae
629 738 880 802 similitudinem
905 738 994 803 beati
1017 741 1075 823 qui
1096 741 1248 805 honorati

216 852 293 905 sunt
307 841 472 920 uidentur,
489 841 600 905 miseri
614 852 725 906 autem
740 841 797 925 qui
812 853 890 905 sunt
908 842 1049 928 inglorii.
1070 844 1245 923 molestiae,

133 1009 135 1018 ,
215 944 367 1024 laetitiae,
393 944 596 1028 cupiditates,
626 944 757 1008 timores
779 944 929 1009 similiter
950 946 1101 1009 omnium
1123 958 1249 1011 mentes

215 1059 449 1133 perungantur,
479 1069 553 1126 nec,
582 1047 609 1110 si
636 1047 807 1131 opiniones
834 1048 917 1111 alise
946 1060 1024 1113 sunt
1051 1060 1132 1132 aput
1158 1049 1246 1130 alios,
1279 1078 1292 1114 s

216 1151 338 1215 idcireo
361 1151 418 1234 qui
442 1172 557 1215 canem
579 1162 612 1214 et
631 1150 749 1214 faelem
764 1161 802 1213 ut
817 1151 895 1215 deos
911 1153 1032 1232 colunt,
1051 1174 1119 1216 non
1135 1154 1249 1218 eadem

217 1254 446 1339 superstitione
461 1275 526 1337 qua
542 1263 667 1317 ceterae
690 1263 803 1338 gentes
825 1253 1064 1318 conflictantur.
1090 1277 1174 1340 quac
1190 1278 1250 1320 au-

217 1368 284 1421 tem
305 1357 395 1421 notio
418 1379 485 1420 non
509 1356 702 1436 comitatem,
727 1379 795 1420 non
816 1357 1062 1443 benignitatem,
1088 1382 1156 1424 non
1175 1382 1250 1445 gre·

217 1471 289 1524 tum
316 1461 464 1524 animum
491 1471 524 1524 et
549 1459 702 1524 beneficii
728 1483 906 1525 memorem
928 1461 1055 1548 diligit‘l
1083 1485 1166 1546 quae
1193 1485 1250 1526 su-

216 1566 345 1648 perbos,
376 1586 459 1647 quae
486 1565 662 1640 maleficos,
692 1586 775 1647 quae
804 1565 964 1643 crudeles,
994 1588 1077 1649 quae
1103 1566 1249 1651 ingratos
1268 1589 1292 1632 io

217 1689 285 1731 non
306 1678 505 1751 aspernatur,
530 1689 598 1730 non
620 1667 708 1730 odit‘l
731 1667 849 1750 quibus
872 1690 913 1731 ex
934 1671 1031 1733 rebus
1054 1691 1131 1732 cum
1151 1691 1248 1734 omne

216 1792 320 1855 genus
334 1771 507 1834 hominum
521 1770 681 1834 sociatum
694 1769 781 1833 inter
795 1792 829 1834 se
845 1792 913 1834 esse
927 1771 1145 1856 intellegatur,
1163 1771 1249 1835 illud

218 1885 400 1937 extremum
422 1884 478 1952 cst,
503 1873 592 1955 quod
613 1883 699 1936 recte
719 1873 857 1937 uiuendi
872 1874 954 1938 ratio
970 1874 1120 1938 meliores
1136 1875 1247 1939 efficit.

221 2067 324 2074 —..-—-
333 2069 357 2072 „-

323 2184 334 2234 1
354 2199 417 2235 tum
433 2182 480 2235 sed
496 2200 512 2234 t
529 2202 543 2234 e
562 2199 623 2236 corr
635 2185 662 2234 A
680 2199 742 2235 cum
760 2201 820 2236 corr
837 2183 866 2236 in
883 2201 945 2236 tum
957 2185 993 2238 H
1078 2187 1250 2255 'propterque

217 2269 361 2323 deteriores
372 2283 542 2344 propterque
555 2269 628 2332 (ua
615 2286 644 2320 on
662 2286 762 2322 rasura
780 2272 849 2334 corr)
862 2271 890 2321 A
907 2266 1037 2339 ,pptquoe
1055 2271 1101 2323 ced
1116 2274 1249 2324 mutatum

217 2372 247 2426 in
264 2389 319 2442 qua
336 2374 364 2427 B
381 2368 467 2442 propt
484 2345 538 2450 qi}
557 2373 608 2436 (rec
624 2376 753 2439 superior)
774 2373 811 2425 H
933 2374 948 2424 2
966 2372 1166 2426 hossnel'totel
1181 2371 1251 2442 (fuit

216 2463 246 2511 nt
256 2458 363 2512 nidctnr
374 2454 582 2521 hominestotes)
592 2458 620 2508 A
632 2455 794 2510 honestates
804 2475 868 2510 corr
879 2455 905 2511 is
914 2459 942 2512 B
953 2457 1162 2513 honestansH

218 2543 304 2623 glorie
323 2543 346 2609 (l
363 2562 377 2595 c
395 2546 465 2608 corr)
484 2544 512 2595 A
626 2540 805 2596 similitudine
823 2544 860 2598 H
974 2560 1028 2613 que
1047 2561 1109 2597 corr
1127 2561 1174 2614 qui
1192 2546 1248 2598 AB

217 2664 265 2717 qui
279 2649 314 2700 H
406 2619 515 2700 honelti
535 2648 591 2710 (oro
608 2663 652 2699 rna
666 2665 704 2716 pr
717 2647 938 2717 superscriptum,
954 2645 984 2700 es
997 2666 1042 2700 mo
1059 2647 1128 2700 ott'
1088 2653 1146 2700 ton
1164 2647 1251 2701 litora

218 2751 278 2817 adol
296 2753 325 2806 B
428 2735 580 2818 31nglone
597 2750 625 2801 A
642 2747 752 2820 ingloriJ
772 2752 819 2803 red
831 2768 843 2821 J
865 2767 960 2803 ecorr
976 2751 1004 2804 B
1021 2749 1145 2820 ingloru·
1139 2749 1217 2804 ·H
1209 2768 1251 2803 in·

219 2835 309 2907 glorii.
329 2836 384 2890 iam
400 2833 543 2889 molestiae
559 2834 695 2889 Donisino
789 2833 925 2903 mollestio
938 2836 972 2888 H
1067 2834 1251 2889 llennoeA

321 2920 487 2993 cupiditatis
506 2939 569 2975 corr
585 2919 631 2974 tes
645 2922 701 2974 AB
724 2919 894 2992 cupiditates
910 2920 947 2973 H
1056 2924 1071 2973 5
1090 2938 1140 2975 nec
1160 2922 1251 2975 Hein-

218 3009 310 3062 sionns
327 3025 362 3061 ne
380 3009 436 3061 AB
455 3007 519 3072 (sic)
629 3005 682 3086 alie
701 3008 738 3062 H
754 3005 807 3060 elie
825 3008 853 3059 A
870 3012 896 3061 et
913 3025 952 3076 pr
968 3009 997 3062 B
1101 3024 1172 3077 aput
1189 3025 1253 3060 corr

218 3110 294 3181 opud
310 3113 338 3164 A
355 3110 431 3181 apud
442 3111 506 3163 BH
594 3113 610 3163 6
628 3108 728 3164 faelem
744 3113 773 3163 A
789 3108 873 3163 felem
883 3111 950 3164 BH
1037 3112 1052 3161 7
1071 3084 1251 3181 rupitioneA

323 3231 415 3268 cetera
433 3232 495 3267 corr
512 3231 549 3268 1·ae
566 3216 595 3269 B
612 3229 703 3294 cetere
721 3213 758 3267 H
856 3215 872 3265 8
890 3188 1072 3282 qiiomitotem
1089 3215 1116 3266 Β
1137 3230 1252 3266 comita·

194 3315 278 3354 vtem
295 3300 373 3365 (ite
360 3320 390 3354 in
407 3304 511 3366 rasore)
530 3303 558 3352 A
574 3316 734 3354 comitatem
752 3299 789 3352 H
885 3284 1068 3368 liemgmteB
1171 3298 1251 3352 obe-

218 3379 318 3458 neficid
333 3405 362 3457 Β
378 3403 507 3457 beneficu
525 3405 572 3457 sed
588 3422 598 3457 i
616 3403 739 3457 ultimum
756 3421 770 3455 e
788 3419 851 3455 corr
862 3403 890 3454 A
906 3401 1035 3456 beneficii
1054 3402 1091 3456 H
1190 3399 1252 3455 dili·

219 3507 268 3560 get
285 3507 347 3543 corr
364 3505 407 3558 git
424 3490 480 3542 AB
498 3489 591 3558 diligit
609 3489 647 3542 H
757 3489 788 3541 10
806 3505 860 3557 que
876 3486 940 3540 mal.
960 3503 1013 3556 que
1031 3486 1108 3541 crud.
1127 3504 1182 3557 que
1205 3488 1252 3541 sed

215 3580 257 3630 ter
273 3592 326 3654 que
344 3592 406 3628 corr
416 3577 444 3628 Β
542 3591 612 3644 quae
629 3572 766 3629 maleficos
783 3578 891 3628 auctore
909 3573 1134 3645 Reifferscheidio
1153 3572 1251 3627 delenit

215 3662 352 3726 Baiterus,
372 3679 426 3715 non
444 3660 522 3724 recte,
542 3661 569 3714 si
585 3661 691 3731 quidem
707 3662 756 3714 lioc
768 3659 944 3729 potissimum
961 3661 1103 3730 respondet
1123 3657 1250 3728 benigni-

212 3744 275 3812 teti,
290 3765 356 3820 qnae
373 3751 412 3800 est
423 3747 483 3816 ipso
500 3751 606 3800 anctore
623 3747 750 3801 Cicerone
767 3745 860 3799 codem
878 3764 937 3799 cnm
953 3745 1148 3800 beneficentia:
1168 3763 1251 3815 neque

214 3831 296 3886 nimis
313 3833 344 3885 in
361 3834 474 3886 atterant
491 3837 580 3886 otram
592 3837 701 3902 portem
719 3832 909 3885 consulendum
920 3837 959 3885 est
971 3833 1156 3895 concinnitati,
1172 3850 1251 3902 quom

213 3936 248 3971 nc
265 3921 392 3972 sectatum
413 3919 519 3989 qnidern
543 3938 597 3972 esse
620 3918 773 3972 Ciceronem
798 3923 911 3987 apparet
1044 3920 1075 3971 12
1100 3918 1205 3972 souitu
1223 3918 1251 3969 A

329 4005 359 4055 13
383 4003 496 4059 mdendi
518 4005 556 4058 H
669 4002 794 4057 homines
817 4002 944 4058 meliores
969 4005 1100 4058 Halmius
1123 4002 1251 4058 meliores

215 4108 310 4144 omnes
332 4092 378 4145 nei
398 4108 492 4145 omnes
513 4090 642 4146 meliores
663 4107 723 4144 cnm
741 4089 961 4162 Reifferscheidio
980 4090 1125 4144 Baiterns:
1143 4088 1251 4158 siquid

215 4177 368 4230 adderidnm
385 4177 422 4230 sit
438 4178 531 4232 metim
547 4183 622 4232 recte
639 4175 755 4230 uiuendi
772 4174 844 4230 ratio
862 4175 929 4245 (nos)
945 4174 1073 4229 meliores
1092 4172 1177 4229 efficit
1195 4174 1247 4243 les.

214 4263 252 4316 ad
268 4265 294 4328 2,
308 4266 334 4328 9,
349 4264 400 4328 22),
421 4264 467 4316 sed
480 4266 549 4332 poto
567 4262 720 4316 Ciceronem
739 4262 814 4332 loqui
831 4261 912 4332 qnasi
928 4279 981 4314 non
1000 4277 1079 4315 omne
1097 4276 1184 4329 genus
1201 4257 1250 4311 ho·

272 4376 317 4408 oio.
332 4375 385 4408 uo.
398 4376 424 4406 ii.
1027 4364 1042 4413 3
