3250 4974
376 428 413 490 18
760 427 1017 490 15‚1r-o‚1s

374 596 462 681 poni,
487 619 585 681 quem
608 597 650 660 ad
671 597 807 660 modum
830 619 1004 666 caueamus
1026 599 1062 661 in
1084 598 1155 662 iure
1178 609 1237 662 aut
1259 597 1339 682 quid
1367 599 1409 662 de

375 723 505 785 quaque
528 699 767 764 consultatione
790 701 1053 784 respondeamus
1077 701 1119 766 sit
1135 701 1198 766 ista
1213 725 1264 766 res
1279 721 1406 788 magna,

375 803 462 867 sicut
484 814 540 882 est,
566 824 649 886 quae
672 804 838 885 quondam
860 827 879 867 a
901 804 1014 868 multis
1037 805 1132 870 claris
1155 805 1243 885 uiris,
1261 829 1352 870 nunc
1368 809 1408 870 ab

374 928 441 969 uno
464 928 592 969 summa
615 905 808 970 auctoritate
831 918 865 970 ct
886 907 1023 971 scientia
1037 909 1225 987 sustinetur,
1235 910 1301 988 ’sed
1315 909 1409 1001 nobis

344 1027 356 1068 5
373 1009 420 1072 ita
441 1009 679 1093 conplectenda
697 1009 734 1072 in
755 1008 816 1072 hac
837 1009 1058 1094 disputatione
1073 1022 1141 1076 tota
1156 1033 1254 1075 causa
1270 1023 1319 1076 est
1333 1013 1409 1076 uni-

373 1112 461 1176 uersi
488 1111 569 1175 iuris
597 1133 634 1174 ac
661 1112 785 1196 legum,
814 1123 853 1176 ut
879 1114 941 1177 hoc
969 1113 1068 1177 ciuile
1095 1115 1183 1197 quod
1210 1114 1351 1178 dicimus
1372 1115 1409 1179 in

373 1237 515 1299 paruum
537 1216 702 1297 quendam
725 1226 757 1279 et
778 1227 956 1302 angustum
975 1217 1085 1281 locum
1105 1218 1321 1282 concludatur
1339 1219 1408 1302 [na-

373 1319 492 1402 turae]:
520 1328 639 1381 natura
662 1318 751 1382 enim
777 1318 859 1383 iuris
886 1320 1081 1405 explicanda
1106 1321 1201 1385 nobis
1230 1333 1279 1385 est
1306 1343 1409 1404 eaque

373 1423 413 1484 ab
436 1421 579 1485 hominis
602 1423 780 1506 repetenda
801 1435 927 1502 natura,
951 1423 1205 1488 considerandae
1221 1424 1317 1511 leges,
1335 1425 1409 1509 qui-

333 1543 358 1586 to
376 1525 438 1586 bus
466 1523 616 1589 ciuitates
645 1526 714 1610 regi
741 1526 889 1607 debeant,
920 1537 993 1590 tum
1019 1527 1100 1591 haec
1129 1528 1298 1590 tractanda
1326 1550 1409 1612 quae

375 1627 542 1710 conposita
569 1640 646 1693 sunt
677 1641 711 1694 et
738 1629 899 1714 descripta
925 1629 999 1692 iura
1026 1641 1059 1694 et
1085 1629 1173 1694 iussa
1200 1631 1407 1715 populorum,

373 1729 409 1792 in
433 1731 552 1814 quibus
574 1755 617 1796 ne
639 1732 743 1797 nostri
765 1732 899 1816 quidem
920 1733 1035 1817 populi
1060 1735 1212 1798 latebunt
1238 1755 1321 1816 quae
1349 1756 1409 1797 uo-

375 1843 492 1896 cantur
513 1833 587 1897 iura
610 1835 730 1898 ciuilia.

221 1926 235 1959 ⁶
254 1911 600 2027 “T-ijrurvs.
631 1939 706 2002 Alte
728 1960 807 2002 uero
831 1949 871 2017 et,
897 1949 935 2002 ut
957 1951 1092 2024 oportet,
1118 1962 1138 2003 a
1159 1940 1273 2025 eapite,
1298 1917 1452 2019 frater,6

332 2062 357 2104 to
376 2039 496 2122 repetis
525 2041 613 2124 quod
640 2041 841 2124 quaerimus3
872 2052 904 2106 et
932 2043 990 2126 qui
1015 2043 1110 2106 aliter
1136 2042 1189 2107 ius
1216 2043 1315 2107 ciuile
1342 2011 1459 2106 tra-18

375 2142 459 2206 dunt
480 2166 549 2208 non
571 2153 640 2207 tam
660 2143 805 2208 iustitiae
828 2167 927 2228 quam
948 2146 1101 2232 litigandi
1123 2149 1259 2211 tradunt
1280 2147 1360 2210 uias.

438 2248 590 2311 Munovs.
627 2247 705 2312 Non
732 2248 779 2311 ita
802 2258 857 2328 est,
884 2249 1017 2330 Quinte,
1048 2271 1086 2313 ao
1113 2250 1222 2334 potius
1248 2250 1409 2335 ignoratio

373 2349 455 2414 iuris
464 2350 612 2435 ¹litigiosa
627 2361 676 2414 est
691 2373 790 2434 quam
805 2352 952 2428 scientia.
973 2354 1031 2417 sed
1045 2355 1108 2418 hoc
1122 2354 1296 2437 posterius:
1318 2375 1409 2416 nunc

244 2473 245 2477 ’
333 2452 455 2543 ¹¹iuris
477 2454 641 2538 principia
663 2453 843 2518 uideamus.

307 2535 355 2618 sto
439 2557 546 2641 Igitur
561 2556 755 2620 doctissimis
771 2557 851 2620 uiris
866 2558 1028 2641 proficisci
1042 2559 1169 2644 placuit
1183 2581 1202 2622 a
1217 2560 1298 2644 lege,
1320 2559 1411 2622 haud

377 2659 442 2722 scio
466 2681 509 2722 an
532 2670 629 2737 recte,
655 2660 683 2722 si
705 2661 810 2741 modo,
834 2671 873 2724 ut
895 2660 983 2726 idem
1005 2663 1177 2742 definiunt,
1195 2664 1249 2727 lex
1264 2673 1313 2727 est
1327 2662 1409 2726 ratio

375 3002 442 3055 pom
462 2987 515 3050 (om
533 3004 566 3039 ea
583 3004 628 3038 om
644 2989 711 3052 corr)
725 2988 761 3039 H
843 2990 979 3068 2quaqut7t
991 2989 1027 3040 H
1116 2989 1131 3040 3
1144 2987 1260 3043 condam
1272 3007 1332 3043 cour
1344 2977 1410 3060 q'on·

377 3069 439 3123 dam
457 3073 485 3126 B
500 3088 553 3141 que
571 3071 686 3126 condam
703 3091 764 3126 corr
780 3089 833 3152 que
851 3073 970 3143 qondam
986 3076 1023 3136 H
1114 3077 1130 3126 4
1148 3075 1195 3130 sed
1213 3093 1274 3128 corr
1291 3094 1323 3128 eu
1339 3077 1365 3129 &
1383 3077 1410 3127 A

479 3157 559 3212 nobis
578 3156 618 3213 ita
631 3154 677 3212 ‘eu
694 3159 805 3228 antiquo
825 3157 904 3213 libro'
927 3161 1070 3215 Manutius
1089 3159 1166 3214 noris
1187 3159 1240 3214 rsra
1257 3163 1349 3216 ΑΒΗ
1362 3180 1410 3214 no-

375 3243 420 3298 bis
439 3243 493 3298 ista
514 3245 650 3300 Corradus
667 3244 748 3298 nobis
766 3245 863 3298 omisso
881 3243 936 3298 ista
954 3247 991 3298 Β.
1012 3247 1163 3316 Stephanus
1267 3250 1282 3299 5
1301 3246 1411 3318 conple-

364 3347 462 3401 ,tenda
479 3349 507 3400 Β
627 3341 698 3418 heire
716 3351 744 3404 Β
865 3347 1098 3403 7eoncludotur·
1113 3356 1213 3404 natura
1231 3346 1277 3404 ‘ex
1299 3352 1410 3422 antiquo

376 3429 456 3486 lidro’
472 3434 627 3500 Manutius,
643 3436 680 3489 R.
697 3436 849 3505 »stapham
866 3432 1050 3488 concludatur
1061 3453 1180 3490 naturae
1191 3465 1198 3477 ·
1209 3454 1312 3491 natura
1323 3437 1415 3492 ΑΒΗ

489 3522 505 3571 9
523 3518 719 3575 consideranda
738 3518 830 3589 elegos
844 3537 903 3574 corr
920 3519 1231 3591 consrdcrandoeuleges
1246 3523 1274 3574 B
1291 3521 1411 3577 conside·

376 3621 461 3675 rande
472 3620 550 3691 leges
561 3624 594 3676 H
699 3622 869 3677 locrurrorrs
877 3642 938 3677 corr
949 3623 979 3678 es
987 3625 1044 3677 AB
1058 3624 1191 3679 cruuores
1199 3627 1235 3678 H
1328 3599 1363 3692 du
1380 3627 1415 3680 H

463 3726 493 3776 11
508 3724 651 3796 conposita
661 3728 718 3782 AB
730 3725 882 3796 composita
894 3729 927 3781 H
1010 3730 1041 3780 12
1054 3714 1114 3783 nir*
1131 3729 1200 3799 (suit
1211 3714 1279 3794 nius)
1296 3732 1325 3785 B

376 3824 520 3904 uoeapuni
536 3831 570 3882 H
695 3831 727 3881 14
751 3828 830 3884 alre*
853 3828 921 3896 (fuit
945 3829 1029 3896 alter)
1052 3831 1080 3883 B
1097 3806 1242 3911 Alterd‘iio
1259 3834 1297 3887 H

379 3932 410 3982 15
428 3931 569 4000 querimus
583 3932 649 3985 ΑΗ
661 3931 777 4002 qmmus
792 3935 819 3988 Β
916 3908 957 4004 d*
975 3936 1003 3988 A
1107 3933 1226 3990 alterius
1241 3955 1303 3991 corr
1322 3911 1408 3990 alier-

377 4015 421 4070 1us
436 4018 463 4071 Β
477 4016 572 4071 ''alren
590 4017 635 4072 1us
652 4018 687 4085 (iu
705 4036 783 4092 marp
797 4017 899 4086 ''alirert
919 4019 954 4074 H
1043 4021 1075 4074 16
1094 4019 1220 4076 minemo
1237 4024 1265 4075 A
1352 4020 1414 4075 uras

376 4103 484 4158 Nomra
495 4131 501 4144 ·
513 4104 527 4156 ἔ
539 4131 545 4143 ·
556 4103 586 4156 iu
604 4104 687 4158 litura
703 4106 731 4156 A
852 4107 884 4157 17
902 4123 1016 4175 qumerc
1034 4108 1061 4158 A
1084 4122 1198 4175 quincto
1216 4110 1280 4164 BH
1380 4124 1411 4162 ae

378 4223 438 4259 corr
455 4224 487 4259 at
504 4208 560 4260 AB
577 4181 609 4278 dd
625 4208 661 4261 H
782 4210 814 4260 20
839 4225 891 4262 aur
909 4227 968 4263 corr
985 4208 1061 4263 haud
1077 4212 1105 4262 A
1124 4175 1177 4264 dur
1194 4214 1222 4267 Β
1239 4177 1360 4266 Harisero
1380 4212 1416 4266 H
