3250 4974
343 423 383 486 32
792 431 804 471 1
824 421 863 484 11,
884 420 915 470 31

341 595 438 657 esbra
460 589 683 675 turpitudinis,
713 600 824 654 tamen
846 591 946 655 habet
968 588 1125 674 quiddam
1147 589 1253 653 simile
1276 600 1374 653 natu-

340 695 417 758 ralis
439 693 531 772 boni;
555 693 690 758 leuitate
713 704 762 758 est
784 695 873 758 enim
893 704 926 758 et
945 693 1108 758 suauitate
1124 693 1303 756 delectans:
1327 693 1374 755 sic

340 800 380 862 ab
404 819 510 861 errore
533 796 652 860 mentis
675 807 843 881 tamquam
865 799 1006 861 salutare
1026 795 1152 880 aliquid
1166 795 1372 872 adsciscitur;

340 900 504 983 similique
526 899 656 964 inscitia
678 921 765 964 mors
786 900 913 985 fugitur
928 900 1021 984 quasi
1041 899 1210 964 dissolutio
1225 909 1370 977 naturae,

310 1004 409 1068 suita
432 1002 605 1087 expetitur,
631 1002 707 1086 quia
734 1025 794 1067 nos
820 1003 857 1066 in
884 1026 949 1087 quo
976 1004 1047 1067 nati
1073 1025 1186 1067 sumus
1216 1002 1371 1080 continet,

339 1108 431 1172 dolor
458 1106 495 1172 in
521 1105 672 1170 maximis
701 1105 796 1170 malis
823 1106 968 1187 ducitur,
1000 1129 1076 1170 cum
1103 1127 1163 1170 sua
1189 1105 1370 1189 asperitate,

338 1261 481 1354 misebrat
498 1292 636 1366 pisudims
645 1294 672 1346 B
755 1297 767 1346 1
781 1294 920 1364 quidldam
940 1294 966 1360 (d
975 1294 1055 1366 prius
1067 1315 1083 1348 a
1096 1299 1164 1361 carr)
1177 1297 1205 1350 B
1217 1258 1329 1366 quidam
1341 1295 1378 1347 Η

438 1363 679 1452 namiibllironse
692 1399 720 1452 B
737 1396 876 1452 namrahl
889 1398 955 1451 bom
972 1399 1019 1453 'sad
1036 1397 1088 1453 ahs
1102 1399 1168 1453 bom
1186 1398 1216 1451 in
1233 1415 1333 1452 rasura
1345 1399 1373 1450 A

338 1499 461 1554 namrah
483 1501 555 1554 bono
575 1501 744 1556 Heinsianus
866 1500 1029 1556 alemans
1044 1499 1141 1571 enti&
1159 1497 1321 1579 suscitasti·
1332 1498 1374 1553 ess

339 1637 407 1707 (suit
425 1637 462 1703 es)
482 1643 528 1690 snt
546 1639 572 1692 δι
590 1637 731 1691 suauitate
749 1625 892 1693 delectans
908 1639 1078 1694 Heiusianus
1099 1603 1373 1706 leussauistemmlet

338 1722 487 1777 suauitatis
496 1741 913 1776 *inusitatissimam*
925 1722 1097 1778 delectansA
1107 1722 1238 1778 leuitatis
1248 1722 1291 1778 ela
1304 1725 1372 1796 [suit

338 1808 377 1874 es)
398 1827 469 1862 emm
487 1810 512 1862 s
531 1808 681 1863 lusuuaul'
689 1808 693 1879 l
705 1808 846 1864 delectans
861 1813 889 1865 B
910 1809 1025 1864 lenitate
1048 1808 1192 1876 (laeuitate
1210 1811 1369 1874 Lambinus)

339 1894 411 1948 enim
430 1902 457 1948 st
476 1895 613 1950 suauitate
631 1894 771 1949 delectans
788 1894 914 1958 (delectat
926 1897 963 1950 R.
980 1897 1148 1966 Stephanus),
1167 1895 1206 1950 sic
1223 1895 1369 1958 Turnebus,

338 1980 497 2034 Lambinus.
518 1981 630 2035 Litanae
654 1983 800 2046 rationem,
819 1999 888 2054 quas
910 1986 947 2035 est
971 1983 1000 2036 in
1017 1984 1058 2041 A,
1080 1983 1168 2053 spuit
1186 1981 1370 2038 Heinsianus:

337 2085 401 2121 nam
419 2067 470 2122 atsi
486 2067 658 2122 induciarum
675 2086 769 2120 uocum
786 2067 900 2138 usstiqia
918 2068 993 2122 nulla
1012 2068 1135 2138 dianosci
1146 2073 1268 2138 possunt,
1283 2072 1372 2122 tamen

337 2152 403 2222 quin
415 2171 490 2207 mara
501 2153 660 2222 repetitions
672 2153 737 2207 baec
750 2152 793 2208 ess
806 2171 877 2207 emm
890 2170 920 2206 et
932 2152 1073 2208 luauuase
1087 2155 1144 2219 (uei
1154 2153 1313 2220 suauuans)
1332 2153 1373 2206 ibi

337 2238 440 2308 seranta
451 2240 581 2310 fuerint,
600 2256 724 2294 mensura
742 2239 824 2310 spatii
840 2239 963 2293 dubitari
978 2258 1032 2293 non
1050 2239 1116 2294 sinit
1133 2240 1163 2294 in
1179 2240 1232 2293 isac
1244 2257 1370 2308 praeser-

337 2325 385 2378 tim
395 2325 555 2395 frequentia
573 2327 701 2380 similium
719 2344 842 2380 surorum
860 2326 889 2378 in
906 2326 934 2377 A
952 2328 1053 2396 (confer
1069 2327 1185 2380 manime
1203 2328 1232 2390 2,
1253 2326 1299 2390 24¹,
1320 2326 1367 2389 613

337 2412 365 2477 3,
388 2414 412 2476 7,
435 2413 489 2477 17);
514 2431 597 2482 nequa
615 2414 647 2467 da
665 2411 709 2466 eit
726 2412 914 2477 dubitandum,
936 2414 1008 2482 quod
1031 2429 1094 2464 casu
1111 2412 1192 2482 prius
1209 2413 1335 2466 omissum
1352 2431 1369 2464 a

336 2498 424 2551 scriba
447 2516 506 2552 ciam
529 2499 643 2569 repetitu
663 2497 793 2551 uocabula
810 2497 909 2552 deierat
926 2516 974 2552 suo
991 2499 1048 2551 ioco
1067 2516 1152 2567 supra
1169 2517 1275 2552 uernam
1293 2497 1370 2552 addi-

336 2588 392 2636 tum
408 2589 454 2649 est,
474 2601 556 2653 nsque
574 2585 603 2638 id
620 2584 649 2637 in
666 2584 716 2636 bac
734 2583 864 2648 aratione,
885 2583 1039 2654 insequente
1057 2583 1105 2650 sic,
1127 2583 1276 2638 deciduam
1287 2601 1369 2656 possa

335 2669 448 2722 uidetur.
472 2669 562 2738 itaqua
578 2673 687 2722 nonest
705 2669 774 2738 quod
798 2669 982 2739 supplementa
999 2671 1111 2724 laeum
1129 2671 1315 2740 anquirantur,
1336 2688 1369 2724 aa

336 2754 397 2807 lieet
414 2772 509 2808 noman
527 2754 596 2808 addi
613 2753 712 2822 possit,
733 2773 783 2824 quo
799 2755 919 2823 asnatiui
933 2761 1069 2827 sequntur,
1089 2757 1162 2810 uelut
1183 2755 1233 2809 loc
1251 2755 1368 2826 exemplo

333 2838 458 2893 leuitatis
481 2846 523 2893 est
541 2839 613 2892 enim
632 2846 659 2893 st
676 2839 823 2894 suauitatis
840 2840 942 2910 (sensu)
959 2840 1113 2906 delectans,
1133 2849 1222 2896 tamen
1239 2843 1370 2912 simplici-

335 2931 389 2979 tate
401 2931 543 2994 praestare
560 2927 645 2980 us'sum
663 2931 717 2992 ast,
737 2927 785 2980 bos
802 2933 905 2982 mutans
922 2930 950 2983 in
967 2928 1149 2982 abiatiuorum
1160 2931 1282 2998 formas,
1302 2945 1369 2998 qna-

335 3028 395 3065 rum
413 3030 469 3066 una
488 3010 628 3066 suauuase
645 3018 755 3067 seruata
773 3013 857 3068 estin
876 3014 1045 3079 Heinsiano,
1073 3015 1160 3068 altera
1181 3012 1301 3068 leuasse
1326 3012 1368 3067 sss

334 3097 383 3168 qui
399 3098 494 3152 abierit
511 3099 541 3152 in
557 3097 686 3154 leultaul
701 3097 732 3153 es
748 3099 799 3164 (uel
811 3097 860 3164 est)
868 3099 1043 3170 perspicuum
1055 3106 1093 3154 ast
1106 3102 1153 3170 (cf.
1168 3101 1192 3166 3,
1208 3101 1232 3165 3,
1248 3103 1282 3166 9).
1297 3101 1368 3170 quod

334 3202 397 3238 uero
414 3185 496 3239 stiam
514 3186 544 3238 ds
562 3185 695 3239 latinitate
713 3185 882 3252 dubitarunt,
907 3192 932 3239 a
954 3191 1024 3240 recta
1041 3187 1163 3240 nausias
1181 3186 1300 3257 exemplo
1318 3204 1366 3240 uo·

332 3267 426 3340 luptss
444 3287 504 3324 esse
524 3269 663 3327 delectans
681 3271 781 3326 dicitur
800 3275 847 3337 (or.
868 3274 910 3338 48,
933 3275 995 3337 162;
1016 3274 1048 3327 de
1065 3277 1121 3326 nat.
1141 3273 1211 3326 deor.
1232 3275 1257 3337 2,
1279 3274 1303 3337 6,
1322 3274 1364 3325 21.

334 3357 376 3408 22.
396 3355 593 3428 deoff.1,16‚
613 3360 653 3425 51)
673 3363 698 3413 st
716 3376 763 3412 cur
780 3358 820 3412 ita
837 3358 964 3412 maluerit
986 3358 1078 3412 Cicero
1097 3376 1176 3428 quam
1194 3356 1366 3428 uoluptatem

334 3438 469 3494 delectare
482 3460 560 3496 causa
570 3449 665 3514 apelia
677 3449 729 3498 ast:
742 3441 866 3498 leuitatis
876 3451 962 3499 autem
972 3463 1038 3516 quae
1049 3463 1104 3498 esse
1113 3444 1273 3514 ambiauitas
1276 3449 1367 3514 potest

333 3545 362 3579 eo
381 3526 454 3592 ioco,
474 3527 523 3580 ubi
539 3529 620 3583 simul
637 3531 670 3584 ds
688 3529 836 3600 asperitate
858 3529 962 3586 doloris
981 3531 1090 3595 dicitur,
1113 3548 1189 3600 quem
1208 3530 1245 3584 ad
1259 3531 1366 3584 modum

332 3612 362 3664 in
379 3612 539 3682 explicanda
558 3613 619 3683 ipm
635 3616 755 3687 Epicuri
771 3617 894 3671 doctriua
916 3617 994 3672 Tusa.
1015 3620 1045 3682 5,
1066 3619 1112 3682 26,
1135 3618 1166 3668 73
1185 3634 1274 3686 neque
1292 3615 1366 3686 quic-

332 3713 413 3767 quam
430 3698 467 3752 ad
483 3717 534 3753 nos
552 3699 689 3769 pertinere
701 3702 756 3756 nisi
768 3702 842 3772 quod
860 3710 908 3757 aut
924 3702 988 3757 leue
1006 3710 1055 3757 aut
1072 3720 1199 3774 asperum
1211 3701 1240 3755 in
1253 3718 1366 3772 corpore
1449 3695 1454 3707 '

332 3783 475 3839 sentiatur.
574 3787 589 3837 3
608 3785 659 3839 ab*
677 3788 705 3839 A
799 3788 909 3842 menses
924 3807 986 3843 com
1002 3788 1042 3843 ul
1050 3791 1107 3844 AB
1124 3788 1226 3842 menni
1237 3789 1273 3842 H

330 3861 444 3958 tamdia}
461 3892 499 3954 (m
513 3893 563 3958 pr)
584 3891 618 3944 Η
739 3889 860 3945 salutare
880 3895 921 3956 (re
940 3896 1011 3958 corr)
1030 3897 1058 3947 A
1174 3866 1320 3946 adsiscimr
1337 3894 1365 3947 B

412 3974 567 4030 liniemus
581 3975 602 4042 (s
611 3980 696 4043 uasa)
707 3980 735 4033 B
750 3976 897 4031 inscientia
908 3979 1065 4044 Lambinus,
1086 3984 1111 4033 st
1128 3981 1167 4033 sic
1184 3996 1260 4033 error
1278 3985 1306 4032 et
1322 3977 1364 4030 in·

332 4061 447 4116 scientia
458 4062 608 4132 iunquntur
619 4063 651 4116 ds
664 4062 720 4116 inu.
734 4066 757 4127 1,
769 4065 794 4128 2,
807 4066 832 4128 2,
847 4067 872 4117 et
883 4064 975 4135 defin.
992 4067 1015 4130 1,
1032 4068 1072 4132 14,
1084 4068 1127 4130 46,
1142 4066 1190 4118 ubi
1202 4065 1364 4136 Maduiqius

331 4150 363 4202 ds
381 4147 535 4203 discrimine
551 4148 608 4218 uait
723 4152 737 4201 5
756 4149 925 4204 naussumus
938 4152 966 4205 B
1074 4154 1089 4204 6
1109 4149 1213 4228 dicutur
1230 4155 1258 4206 A

330 4269 393 4306 cum
410 4254 447 4305 H
459 4226 542 4331 dudm
560 4255 588 4308 B
604 4269 667 4306 tum
685 4253 731 4306 ssd
746 4271 761 4305 τ
779 4271 793 4306 s
810 4271 870 4308 sarr
886 4257 914 4307 A
1047 4253 1214 4325 aspearstass
1231 4257 1260 4308 A
