3250 4974
624 421 696 484 110,
718 421 750 472 so
768 449 802 458 -
822 420 862 483 11,
883 420 914 470 31
1246 423 1283 484 31

252 605 527 679 argumentamur,
557 592 745 672 refellimus,
776 591 975 672 disserimus,
1006 592 1198 656 conficimus
1226 593 1286 656 ali-

252 697 339 780 quid,
365 696 600 774 concludimus,
627 707 713 760 certe
737 706 785 759 est
807 695 998 775 communis,
1024 695 1173 759 doctrina
1193 695 1286 759 diffe-

251 821 334 879 rens,
359 799 507 863 discendi
533 799 667 883 quidem
693 799 848 863 facultate
875 822 943 884 par.
971 820 1049 862 nam
1079 809 1111 862 et
1137 799 1286 862 sensibus

252 903 366 966 eadem
393 903 504 967 omnia
532 903 857 987 conprehenduntur,
889 913 921 967 et
948 925 998 982 ea,
1033 923 1117 985 quoe
1148 913 1286 968 mouent

251 1028 373 1085 sensus,
397 1006 514 1070 itidem
535 1018 672 1070 mouent
694 1005 851 1085 omnium,
877 1027 1025 1089 quaeque
1048 1004 1084 1068 in
1099 1006 1217 1070 animis
1232 1006 1285 1069 in-
1316 1023 1328 1063 s

251 1110 449 1194 primuntur,
467 1110 507 1174 de
523 1109 642 1193 quibus
658 1119 734 1173 ante
750 1108 828 1188 dixi,
841 1109 1015 1173 inchoatae
1030 1108 1283 1194 intellegentiae,

251 1212 402 1276 similiter
423 1212 460 1275 in
482 1212 634 1276 omnibus
655 1211 890 1297 inprimuntur,
918 1212 1144 1296 interpresque
1167 1213 1286 1277 mentis

252 1315 354 1379 oratio
382 1316 491 1381 uerbis
519 1316 692 1399 discrepat,
722 1314 893 1379 sententiis
922 1337 1120 1400 congruens,
1148 1338 1210 1379 nec
1239 1328 1287 1380 est

253 1419 425 1503 quisquam
447 1419 553 1505 gentis
576 1418 685 1497 ullius,
712 1418 769 1502 qui
791 1419 911 1481 ducem
932 1429 1048 1482 nactus
1071 1419 1114 1482 ad
1128 1418 1286 1484 uirtutem

202 1482 424 1632 3lperuenire
452 1545 521 1586 non
546 1521 656 1606 possit.
684 1543 747 1584 nec
774 1523 880 1585 solum
905 1522 942 1585 in
970 1522 1074 1601 rectis,
1103 1523 1161 1586 sed
1187 1523 1329 1587 etiam10

252 1625 288 1689 in
309 1626 528 1710 prauitatibus
549 1624 688 1710 insignis
712 1635 760 1688 est
782 1625 921 1688 humani
943 1625 1072 1710 generis
1094 1625 1284 1690 similitudo.

253 1741 382 1793 namet
404 1732 574 1814 uoluptate
597 1728 774 1811 capiuntur
796 1750 915 1807 omnes,
941 1750 1025 1811 quae
1047 1728 1107 1792 etsi
1131 1739 1179 1793 est
1199 1729 1286 1792 inle-

251 1939 324 2002 rure)
344 1938 372 1989 A
488 1939 499 1989 1
521 1932 682 2006 argurirram'
706 1935 743 2000 (t.
763 1955 786 1989 e.
807 1934 893 2001 amus)
915 1937 952 1989 H
1054 1933 1207 1988 refelhmur
1225 1954 1288 1989 corr

252 2020 313 2075 mus
328 2023 356 2074 A
373 2020 491 2076 refellnir
508 2023 555 2076 sed
573 2039 634 2075 corr
650 2013 678 2071 n’r
695 2021 720 2074 Ιι.
736 2038 758 2074 e.
778 2019 841 2073 mus
855 2023 883 2076 B
900 2019 1054 2075 refellrmus
1070 2021 1107 2073 H
1193 2019 1288 2074 disse-

252 2105 338 2160 rrmus
347 2109 376 2160 A
473 2111 489 2161 2
505 2106 702 2175 [concludimus
721 2107 809 2160 delent
824 2108 955 2161 Halmius
972 2111 998 2160 et
1010 2107 1150 2171 Baiterus,
1169 2107 1286 2160 incuria:

251 2211 315 2246 uam
338 2193 502 2248 concludere
524 2211 579 2248 non
595 2194 682 2262 piane
706 2193 776 2246 iden
798 2197 837 2246 est
861 2211 918 2247 cum
936 2191 1105 2246 conficiendo
1124 2190 1243 2262 aliquid,
1263 2193 1289 2246 si

253 2279 358 2349 quidem
376 2283 506 2350 corytcere
524 2280 630 2350 aliquid
647 2279 859 2347 arqumentando
878 2280 960 2333 etiam
972 2279 1029 2332 sine
1042 2279 1208 2332 conclusione
1222 2297 1288 2350 pos-

238 2365 305 2425 sis,-
325 2371 350 2418 et
368 2372 406 2419 est
423 2367 488 2421 daco
505 2385 559 2420 uon
577 2367 701 2420 absoluta
714 2368 913 2429 (conclusionem
924 2367 1039 2436 facere),
1055 2364 1105 2417 ilia
1123 2382 1176 2417 non
1194 2366 1287 2419 addito

248 2451 407 2520 pronomine
419 2452 466 2504 uin
478 2459 539 2522 apte
548 2453 620 2522 poni
626 2453 733 2524 potuit:
748 2455 779 2506 de
793 2453 848 2506 inu.
864 2451 901 2515 (in
913 2451 1008 2520 quadus
1019 2450 1098 2504 uiris
1102 2452 1238 2520 frequens
1250 2456 1288 2504 est

252 2543 390 2607 tetrumque
400 2539 517 2604 uerbum)
533 2541 556 2603 1,
572 2539 613 2603 31,
628 2539 661 2590 53
675 2556 709 2592 ex
721 2557 753 2592 eo
766 2538 841 2608 quod
852 2537 900 2592 ille
913 2537 1027 2591 dederet
1037 2534 1143 2605 aliquid
1154 2536 1287 2591 conficere

252 2621 379 2677 malebat.
394 2625 439 2677 De
445 2625 608 2693 pronomine
620 2625 713 2678 addito
726 2625 764 2692 cs.
782 2624 861 2678 Tusa.
878 2626 955 2689 1,10‚
970 2626 1001 2676 22
1017 2621 1138 2692 cogitare
1152 2629 1179 2675 et
1194 2623 1287 2694 proui-

254 2707 318 2762 dere
336 2716 364 2763 et
381 2709 487 2764 discere
505 2717 533 2764 et
554 2709 652 2764 docere
677 2717 705 2764 ct
728 2710 853 2765 inuenire
873 2709 980 2780 aliquid
996 2716 1025 2763 et
1041 2708 1211 2773 meminisse,
1232 2717 1288 2763 tam

253 2792 340 2847 multa
354 2793 418 2861 alia,
433 2814 523 2850 amare
541 2795 634 2852 odisse
652 2814 753 2867 cupere
764 2796 873 2851 timere:
893 2797 933 2850 sic
945 2795 1015 2849 enim
1027 2801 1097 2849 recte
1112 2797 1289 2850 emendantur

254 2897 322 2950 quae
338 2887 400 2934 sunt
411 2882 441 2935 in
452 2882 530 2936 libris
543 2889 571 2936 et
582 2889 638 2936 tam
650 2882 737 2936 multa
748 2882 923 2948 meminisse]
1010 2883 1025 2933 3
1038 2899 1147 2952 partam
1159 2889 1288 2936 mutatum

254 2965 284 3020 in
301 2984 364 3037 par·
375 2985 435 3021 sam
447 2970 475 3021 A
489 3000 491 3004 ·
579 2971 594 3020 5
612 2967 758 3022 sensus·1rr
769 2967 773 3038 l
786 2967 859 3021 idem
875 2969 921 3022 sed
935 2986 961 3021 τι
979 2968 1008 3021 in
1025 2986 1124 3021 rasura
1142 2987 1204 3022 corr
1221 2963 1252 3022 eri
1270 2969 1288 3024 b

253 3059 282 3106 ut
300 3045 408 3108 uidetur
424 3057 452 3110 B
475 3055 574 3109 rudem
599 3058 646 3120 (m
663 3055 693 3108 iu
709 3057 819 3120 rasura)
838 3055 866 3106 A
887 3052 917 3122 rd
939 3052 1012 3106 idem
1032 3053 1223 3124 (superscripta
1241 3055 1289 3107 rir-

255 3129 450 3207 tera'obscura)
471 3143 508 3195 H
630 3157 709 3210 queq3
732 3141 769 3193 H
885 3143 900 3192 6
918 3139 1054 3192 Inchoare
1072 3141 1112 3203 H,
1134 3158 1195 3192 corr
1211 3157 1242 3218 re
1260 3142 1287 3192 A

255 3226 368 3280 mehore
386 3245 447 3280 corr
463 3225 612 3306 mehoreB
716 3229 731 3278 7
749 3221 913 3296 rmprrmuni
927 3226 964 3278 H
1061 3224 1287 3296 mrerpresssque

255 3310 362 3365 mentes
372 3314 418 3367 sed
428 3312 470 3366 ns
479 3331 540 3366 corr
552 3314 580 3365 A
591 3311 745 3382 imprelleq3
766 3311 874 3365 memes
886 3330 948 3365 corr
959 3307 1126 3381 mipresrsq3
1147 3310 1251 3364 menni
1260 3314 1288 3366 B

255 3407 299 3468 mi
315 3411 385 3495 'pres
400 3389 453 3496 ips}
476 3413 579 3469 mentis
600 3416 640 3480 (d.
660 3434 682 3518 p.
703 3424 755 3492 q'ue
774 3415 918 3484 dupliciter
937 3432 998 3468 corr
1015 3414 1045 3466 in
1063 3417 1126 3483 que)
1148 3416 1185 3468 H
1238 3482 1247 3517 f

256 3522 271 3572 8
290 3518 428 3590 discrepas
447 3519 615 3573 Heinsianus
633 3493 783 3588 dicrepenr
802 3521 825 3582 [r
836 3523 966 3572 mutatum
980 3518 1009 3570 in
1021 3518 1043 3583 s)
1057 3521 1083 3572 A
1096 3517 1247 3589 decrepenr,
1261 3521 1289 3574 B

359 3608 374 3658 9
393 3605 492 3675 gentes
504 3624 565 3658 corr
577 3602 669 3674 genus
678 3606 735 3658 AB
747 3603 840 3674 genus
850 3606 887 3658 H
968 3611 1094 3658 naturam
1106 3608 1168 3657 ante
1180 3611 1286 3668 nactus,

257 3692 328 3760 quod
342 3696 381 3745 est
398 3691 427 3744 in
444 3692 619 3746 deterioribus
637 3696 662 3744 ei
679 3708 762 3744 manu
775 3691 880 3760 quidem
898 3690 1001 3745 recenti
1016 3691 1045 3744 in
1063 3690 1185 3762 marpine
1199 3692 1288 3758 Hein-

255 3776 335 3840 siam',
356 3778 474 3848 cumdque
495 3777 634 3832 Turnebus
652 3778 721 3831 addi
736 3777 860 3842 iusserat,
880 3777 929 3846 qui
945 3776 1090 3842 adiiciunt,
1110 3781 1139 3829 er
1157 3777 1288 3831 Halmius

255 3869 280 3917 ei
297 3864 441 3929 Baiterus,
461 3868 636 3934 corrumpunt
651 3862 820 3928 sententiam,
842 3881 922 3933 quam
944 3863 1015 3916 idem
1036 3862 1174 3917 Turnebus
1194 3867 1288 3932 postea

255 3954 325 4003 recte
350 3951 433 4020 cepit:
452 3945 559 4004 ‘nactus
580 3953 793 4020 praeceptorem,
814 3954 907 4004 nactus
924 3951 1071 4010 doctorem·
1094 3949 1200 4002 ratione
1218 3948 1288 4001 enim

255 4041 280 4089 ei
298 4036 421 4090 doctrina
444 4037 533 4090 uirtus
555 4035 672 4106 indicet,
692 4040 721 4088 ut
744 4034 871 4089 scribitur
888 4035 967 4089 tertia
986 4031 1163 4088 Tusculana.²

259 4123 290 4174 10
308 4119 393 4192 posin
407 4122 574 4176 Heinsianus
591 4120 684 4192 polles
695 4122 751 4175 AB
851 4123 881 4173 12
900 4119 989 4174 omnis
1006 4118 1090 4186 (omis)
1109 4119 1204 4172 ABH

256 4241 282 4294 q;
303 4243 364 4279 corr
382 4227 408 4295 ip
428 4228 457 4281 B
565 4224 600 4279 71⁴1
620 4226 653 4291 (Ιι.
673 4245 695 4278 e.
717 4224 776 4287 etsi)
797 4225 834 4277 H
937 4189 1047 4278 rriiebre
1065 4224 1093 4275 A
1109 4219 1237 4275 rllecebra
1257 4222 1294 4274 H
