3252 4964
357 443 417 504 148
805 450 828 490 n
846 439 887 502 ιι,
903 439 935 488 59

353 611 456 675 nostis
483 632 566 694 quae
593 620 763 686 secuntur;
793 610 997 674 discebamus
1024 609 1114 672 enim
1139 609 1235 693 pueri
1257 629 1318 686 ιιι,
1349 619 1388 673 ut

354 736 486 777 cannen
508 713 741 792 necessarium,
767 735 847 796 ques
873 712 940 775 iem
961 734 1058 776 nemo
1081 712 1185 776 discit.
1210 723 1386 777 extenuato

353 818 454 902 igitur
480 826 615 901 sumptu
642 815 747 880 tribus
774 815 898 880 riciniis
925 827 958 879 et
985 814 1136 879 tuuioule
1161 837 1327 900 purpurae
1354 825 1387 880 et

354 921 468 984 decem
489 919 680 984 tibicinibus
703 919 790 983 tollit
804 919 902 982 etiam
916 919 1197 983 lamentationem:
1219 912 1387 982 ‘mulieres

324 1046 453 1108 egenas
481 1044 523 1087 ne
549 1023 689 1086 radunto
716 1045 802 1086 neue
830 1023 953 1086 lessum
973 1022 1099 1086 funeris
1122 1045 1198 1107 ergo
1220 1015 1387 1086 habentn'

353 1126 415 1190 hoo
439 1137 565 1190 ueteres
587 1125 789 1209 interpretes,
808 1127 881 1190 Sex.
897 1125 1019 1205 Aelius,
1043 1127 1082 1190 L.
1098 1126 1233 1204 Acilius,
1251 1148 1319 1190 non
1335 1147 1386 1189 se-

353 1230 394 1294 tis
417 1252 450 1293 se
472 1229 663 1314 intellegere
687 1229 851 1306 dixerunt,
869 1229 925 1292 sed
940 1229 1098 1312 suspicari
1120 1230 1310 1293 uestimenti
1325 1228 1386 1291 ali-

354 1333 441 1416 quod
463 1354 567 1417 genus
589 1331 743 1411 funebris,
762 1334 800 1396 L.
817 1332 931 1396 Aelius
953 1333 1075 1395 lessum
1097 1332 1190 1415 quasi
1211 1333 1386 1416 lugubrem

354 1435 573 1514 eiulationem
599 1443 636 1498 ut
658 1457 724 1498 uox
746 1434 817 1519 ipsa
839 1435 1014 1520 signifieat;
1039 1435 1127 1518 quod
1149 1456 1186 1498 eo
1210 1434 1313 1520 magis
1332 1435 1386 1498 iu-

351 1691 476 1748 distinait
494 1694 532 1746 R.
554 1691 704 1762 Stephanus
723 1690 798 1755 (itant
819 1691 986 1756 Turnebus),·
1008 1696 1086 1744 antea
1110 1708 1145 1744 ne
1167 1691 1252 1745 lecito
1272 1707 1384 1760 rogum:

352 1797 432 1833 usoea
448 1778 610 1849 uulpabatur
695 1793 774 1831 asses
791 1778 847 1832 AB.
865 1774 977 1830 asnesne
995 1775 1101 1847 spoliro
1120 1778 1158 1830 H
1233 1777 1387 1847 Deforme

352 1882 432 1920 asoeu
450 1864 510 1918 diei
525 1864 554 1917 in
573 1882 634 1917 ann.
646 1879 736 1933 ppmn.
750 1867 841 1916 Austr.
858 1865 923 1916 1860
938 1881 970 1933 p.
985 1864 1018 1916 20
1107 1864 1119 1914 1
1138 1859 1278 1942 notusque
1296 1863 1326 1916 in
1342 1881 1386 1916 ra-

353 1969 419 2005 sura
436 1953 464 2004 A
584 1945 803 2002 2neeesl'eerum
822 1948 859 2001 H
965 1954 993 2001 rt
1010 1949 1040 2002 iu
1056 1949 1112 2002 loeo
1129 1967 1191 2003 raso
1209 1949 1292 2002 trium
1310 1954 1388 2019 quat-

353 2043 446 2091 tuorue
463 2037 614 2092 litterarum
631 2034 729 2105 oapaoi
746 2037 774 2088 A
878 2032 989 2102 d1snrrel
1010 2035 1046 2088 H
1146 2032 1284 2088 suemus
1301 2035 1388 2088 Hein-

352 2123 444 2178 sianus
461 2122 566 2176 nemus
582 2140 642 2176 eorr
659 2138 705 2174 reo
723 2122 751 2174 Β
768 2118 879 2174 reermrs
894 2120 940 2173 seu
961 2137 1017 2174 reor
1038 2121 1068 2173 iu
1085 2138 1182 2174 rasura
1199 2123 1228 2173 A
1245 2124 1342 2192 oonssr
1353 2138 1386 2191 p.

355 2211 443 2276 155‚9
522 2215 549 2262 et
559 2206 685 2263 tunicula
700 2205 838 2260 Turnebus
856 2206 881 2258 81
899 2204 999 2258 urmola
1011 2207 1039 2259 Β
1056 2206 1081 2259 8ι
1099 2205 1191 2260 urnula
1209 2210 1238 2259 A
1258 2207 1387 2260 Heinsio-

353 2314 402 2349 nus
478 2293 613 2364 purpurel
629 2294 665 2347 H
725 2291 861 2358 [Turnebi
872 2292 1050 2345 coniecturam
1063 2293 1208 2362 nepleotarn
1221 2293 1253 2346 ab
1266 2293 1388 2346 omnibus

353 2400 432 2452 quarn
443 2397 615 2450 reposuerant
624 2398 694 2433 nuno
701 2378 830 2448 probauit
840 2378 991 2431 Muellerus
1008 2395 1067 2430 oum
1080 2377 1173 2432 esteris
1184 2379 1232 2432 sed
1242 2384 1272 2432 ut
1283 2378 1387 2432 tuniolo

352 2483 491 2538 purpurea
508 2467 600 2520 mullet
606 2485 615 2529 ;
634 2471 659 2519 et
676 2468 741 2519 baso
754 2469 793 2518 est
804 2481 868 2516 saue
877 2468 970 2531 postea
980 2464 1101 2533 uulparis
1112 2464 1221 2518 dicendi
1230 2466 1311 2530 ratio,
1326 2482 1388 2519 ues-

351 2561 408 2606 tem
425 2569 600 2622 purpuresm,
619 2549 762 2621 chlamyde
779 2567 932 2620 purpuree;
952 2548 1057 2603 tuniole
1074 2567 1155 2619 quam
1172 2556 1241 2604 reete
1252 2551 1388 2604 solabatur

353 2637 444 2690 dubito
462 2656 509 2691 nee
526 2637 703 2707 satisfaciunt
720 2636 841 2704 exempla
858 2635 892 2688 ab
909 2634 955 2688 illo
972 2636 1068 2702 allatu]
1180 2635 1290 2690 resiniis
1308 2629 1388 2690 relic-¹

352 2723 389 2776 tis
409 2723 557 2776 Soboellius
569 2723 651 2792 Lepis
664 2739 709 2779 ιιι
725 2722 791 2776 Tab.
805 2722 854 2776 rel.
864 2740 896 2792 p.
912 2724 945 2775 56
960 2723 1038 2787 (153),
1058 2739 1108 2792 quo
1126 2722 1197 2776 nibil
1213 2740 1293 2792 opus·
1312 2739 1383 2788 nam,

354 2808 458 2878 opinor,
478 2808 548 2861 ratio
567 2808 623 2861 sius
642 2807 758 2861 ablatiui
774 2808 889 2878 simplex
906 2813 945 2861 est
962 2813 987 2861 ot
1004 2808 1139 2879 uulparis:
1158 2810 1208 2862 boo
1225 2809 1296 2862 enim
1308 2807 1383 2873 dioit,

353 2897 523 2948 extenuatum
541 2912 596 2947 esse
613 2897 748 2962 sumptum
766 2894 852 2947 tribus
863 2893 978 2957 rieiniis,
993 2894 1029 2947 iis
1040 2895 1173 2959 uidelicet,
1188 2913 1257 2965 quae
1268 2894 1386 2966 lexfini-

353 2980 395 3033 uit
413 2998 530 3050 quaeque
548 2980 705 3051 trauspredi
719 2997 771 3056 per,
786 2981 869 3052 lepem
886 2997 939 3034 non
960 2979 1052 3032 liceret
1068 2979 1201 3046 [Maerob.
1222 2982 1280 3034 Sal.
1301 2982 1326 3045 3,
1344 2981 1384 3044 17,

354 3070 369 3118 5
388 3065 494 3119 Fannia
512 3065 594 3118 etiam
613 3065 767 3136 reemptibu
785 3065 897 3119 modum
914 3064 981 3119 fecit
998 3065 1106 3119 assibus
1124 3067 1254 3132 centum]=
1273 3083 1325 3134 quo
1338 3066 1387 3120 irn-

349 3153 519 3224 probabilius
536 3157 573 3205 est
591 3169 649 3204 euni
668 3151 780 3207 Halmio
798 3157 823 3205 et
841 3152 953 3205 Baitero
970 3153 1035 3206 isaeo
1052 3152 1141 3206 tribus
1162 3193 1209 3205 ...
1226 3151 1387 3206 tibicinibus

355 3239 421 3304 tolli,
437 3257 504 3308 quae
522 3256 569 3290 nee
586 3239 635 3308 qui
651 3238 745 3292 addita
763 3238 819 3290 sint
835 3237 996 3307 intellipitur
1013 3243 1038 3290 et
1050 3257 1067 3292 a
1080 3238 1205 3292 Oionons
1217 3238 1320 3307 serapte
1332 3255 1386 3292 esso

353 3326 399 3378 uel
408 3342 440 3377 ea
453 3343 519 3394 quae
531 3343 561 3394 p.
580 3326 637 3389 155,
652 3325 668 3375 9
687 3325 811 3394 loquutur
819 3325 907 3394 fidem
919 3323 1035 3394 faciunt
1112 3321 1302 3377 tubromrbus
1313 3326 1345 3389 (or
1357 3323 1387 3376 in

353 3413 458 3474 rasura)
477 3414 503 3463 A
607 3413 621 3462 5
640 3408 722 3488 senas
738 3412 773 3463 H
787 3407 868 3464 oenus
884 3427 945 3462 oorr
964 3426 998 3478 ge
1010 3412 1065 3465 AB
1168 3408 1341 3463 nerrudunro
1355 3411 1392 3463 H

465 3493 621 3549 raduntorre
638 3513 674 3548 ue
692 3497 719 3550 B
737 3494 956 3563 raduntolrueue
974 3498 998 3560 (o
1016 3497 1086 3560 corr)
1106 3497 1134 3548 A
1246 3513 1281 3549 ne
1298 3495 1330 3548 ul
1348 3492 1387 3548 es·

354 3579 413 3634 sum
433 3582 469 3635 H
566 3579 679 3635 lunens
694 3599 756 3634 corr
771 3580 823 3633 lun
841 3583 869 3635 B
956 3581 1085 3634 -hsbent
1102 3598 1134 3635 eo
1153 3582 1323 3636 Heiusianus
1339 3581 1387 3634 ha·

353 3667 456 3720 bento*
474 3667 520 3720 aed
538 3684 554 3719 o
572 3686 586 3719 e
603 3685 664 3720 oorr
682 3671 707 3720 et
718 3666 1092 3721 aanoerasthabemo*
1108 3671 1132 3733 (o
1145 3686 1159 3720 e
1172 3670 1240 3734 corr)
1254 3670 1283 3720 A

355 3773 370 3823 6
388 3765 503 3840 milites
519 3767 582 3822 sexa
600 3766 670 3822 ehul
685 3769 716 3822 ul
734 3768 836 3823 aerhul
850 3771 887 3823 H
900 3767 1079 3852 mterprtgel's
1097 3751 1161 3823 sei*
1180 3768 1251 3850 elmi
1263 3767 1391 3824 laeuus

354 3875 400 3928 sed
417 3875 487 3928 duae
504 3870 519 3924 l
530 3871 636 3940 priores
653 3891 666 3926 e
684 3890 761 3934 eorr,·
780 3871 807 3952 pl
824 3892 856 3927 oe
875 3871 914 3937 el;
937 3877 998 3926 ·t.·ao
1015 3892 1048 3926 eu
1062 3871 1125 3927 -lue
1138 3891 1198 3928 oorr
1209 3875 1237 3926 A
1323 3871 1389 3927 eorl·

353 3957 409 4013 lrus
424 3960 452 4013 B
558 3954 759 4012 'luesrrmenra
777 3977 837 4013 corr
853 3977 880 4012 τι
896 3960 924 4013 Β
1022 3960 1038 4010 8
1056 3957 1181 4013 funebris
1198 3959 1327 4014 editiones
1344 3959 1357 4012 f
1376 3988 1387 3998 ·

353 4043 429 4099 nens
444 4045 538 4100 ABH
659 4044 690 4099 L.
712 4044 809 4099 Aelius
831 4045 970 4099 Turnebus
986 4041 1086 4098 leehus
1103 4046 1160 4099 AB
1176 4043 1267 4099 leelus
1282 4045 1335 4112 (sio)
1356 4045 1393 4098 H

354 4147 450 4204 Aelius
469 4149 619 4203 Lambinus
721 4140 796 4201 lesus
812 4148 848 4201 H
955 4123 1153 4202 9iulenonem
1170 4148 1228 4201 AB
1246 4149 1300 4214 (sio)
1318 4145 1388 4200 urla·

352 4253 458 4289 tranem
476 4235 644 4290 Heinsianus
734 4233 822 4303 [quasi
839 4239 870 4287 ut
887 4233 916 4288 in
932 4235 1092 4304 suplicando
1109 4252 1187 4288 uoce:
1209 4235 1287 4290 Tuso.
1304 4235 1327 4299 1,
1344 4235 1385 4298 10,
