3250 4974
529 430 690 470 PRAEFATIO
708 431 806 470 Novas
824 431 971 472 EDITIONIS
1198 440 1270 484 XVII

238 591 389 676 integras,
415 612 486 653 eam
507 590 605 674 plane
628 589 774 674 neglexit
796 613 903 674 neque
926 591 1070 675 agnouit.
1101 613 1180 656 nam
1205 592 1270 656 nisi

239 712 296 796 qui
318 722 476 794 occupata
498 721 607 775 mente
623 709 755 789 iudicat,
772 711 947 795 perspiciat
964 722 1090 796 oportet
1105 733 1143 775 oe
1158 713 1271 778 canda

239 856 269 918 p.
288 839 341 912 93,
360 839 395 911 4,
409 831 596 915 prouideoto
608 830 713 916 sisque
727 840 899 915 appareato
914 854 946 916 p.
965 838 1013 910 96,
1034 840 1049 892 7
1068 855 1086 895 e
1102 833 1270 896 communi

239 954 328 1018 fonte
352 954 466 1017 ductas
487 953 663 1036 scripturas
686 975 769 1017 esse:
788 952 906 1037 quibus
926 951 1069 1037 probatis
1085 963 1123 1016 ut
1136 975 1196 1037 par
1211 964 1267 1035 est,

239 1075 395 1138 nimirum
419 1084 577 1138 corruunt
597 1072 674 1136 illac
694 1095 774 1157 quas
797 1074 836 1137 de
858 1073 958 1158 prisci
980 1073 1137 1137 sermonis
1159 1073 1269 1138 imita-

238 1195 326 1259 tione
349 1195 503 1259 Tulliana
530 1193 671 1258 rationes
692 1193 843 1278 exposuit
864 1192 1105 1277 Heinsianique
1128 1193 1269 1258 maxime

239 1315 359 1380 codicis
387 1316 453 1380 fide
483 1314 620 1380 stabiliri
642 1315 764 1379 uoluit:
789 1313 968 1378 tamenim
998 1313 1184 1379 inconsulto
1206 1315 1269 1379 im-

238 1447 317 1522 petu
339 1437 442 1506 fertur
458 1447 495 1500 ut
513 1459 555 1500 ne
578 1435 689 1500 uideat
713 1435 847 1520 quidem
869 1445 991 1519 quanto
1007 1457 1104 1519 opere
1123 1436 1185 1500 sibi
1200 1436 1269 1521 ipse

238 1559 274 1621 in
296 1558 357 1622 ista
380 1557 599 1642 disputatione
626 1558 825 1621 aduersatur.
860 1567 893 1620 et
921 1566 1032 1619 tamen
1059 1555 1147 1620 idem
1170 1557 1270 1622 etiam

240 1678 439 1764 argumentis
462 1679 682 1742 demonstrare
705 1699 873 1762 aggressus
900 1688 956 1757 est,
980 1676 1157 1740 Heinsiani
1180 1679 1270 1744 codi-

239 1800 284 1863 cis
306 1799 472 1884 propriam
494 1821 561 1862 esse
584 1809 617 1862 et
645 1798 852 1863 aVossianis
875 1797 1057 1862 seiunctam
1080 1799 1271 1864 memoriam

239 1919 343 2004 iisque
366 1921 462 1999 adeo,
488 1920 515 1983 si
538 1919 587 1984 dis
614 1920 737 2003 placet,
763 1928 884 1999 aetate,
909 1942 977 1982 non
999 1920 1106 1983 solum
1128 1921 1271 1984 auctoriss

239 2051 320 2120 tate,
345 2041 553 2125 superiorem.
585 2039 707 2124 inqua
735 2063 769 2103 re
799 2039 868 2103 leui
896 2039 1049 2104 bracchio
1076 2062 1175 2125 agens
1205 2042 1270 2105 duo

240 2162 293 2225 uel
320 2161 383 2225 tria
411 2161 549 2246 arripuit
577 2161 770 2225 festinanter
800 2159 919 2244 quibus
945 2160 1007 2224 hoc
1038 2182 1071 2224 se
1100 2160 1173 2224 aliis
1195 2184 1270 2246 pro-

238 2284 315 2346 bare
337 2303 430 2366 posse
451 2281 596 2366 putauit:
620 2303 683 2345 nec
705 2280 840 2359 mirum3
864 2302 942 2344 nam
963 2279 1011 2344 ita
1033 2290 1111 2344 sunt
1129 2281 1271 2364 philolo-

239 2403 287 2487 gi:
312 2424 379 2466 uon
409 2403 513 2466 multa
542 2402 606 2486 ipsi
632 2403 741 2486 legere
768 2411 826 2464 aut
847 2401 1013 2485 operosius
1036 2423 1191 2485 quaerere
1214 2403 1271 2466 sed

238 2523 350 2586 sarsore
365 2523 468 2608 magis
483 2545 582 2606 quam
604 2545 639 2586 re
661 2497 829 2606 euplorata
850 2521 996 2585 iudicare
1019 2521 1114 2606 eique
1130 2523 1188 2606 qui
1209 2545 1269 2607 po-

239 2653 376 2708 stremus
401 2646 502 2708 uerba
524 2643 637 2707 fecerit
660 2643 858 2727 applaudere
874 2642 989 2706 securi.
1013 2642 1125 2726 itaque
1147 2653 1185 2707 ut
1200 2643 1269 2728 ipsc

239 2765 300 2828 sibi
322 2764 504 2848 gratulatus
527 2773 575 2828 est
590 2765 677 2848 quod
699 2764 735 2826 in
753 2785 851 2826 causa
872 2762 1065 2847 grauissima
1081 2785 1140 2827 sua
1155 2775 1270 2848 sponte

237 2885 274 2949 in
296 2885 434 2949 eandem
456 2907 533 2948 cum
554 2885 715 2948 Muellero
739 2883 929 2968 opinionem
951 2883 1105 2963 incurrit,
1130 2884 1177 2948 ita
1203 2884 1269 2948 illis

238 3007 303 3069 iam
326 3007 390 3071 duo
414 3005 535 3070 assensi
557 3015 642 3084 sunt,
664 3005 722 3089 qui
744 3027 821 3067 cum
842 3003 924 3068 scire
948 3004 1112 3088 deberent,
1137 3027 1170 3068 se
1193 3006 1270 3068 nul-

238 3128 305 3190 lam
326 3136 452 3211 partem
473 3127 592 3190 harum
614 3149 724 3190 rerum
739 3135 889 3190 accurate
913 3134 945 3188 et
967 3135 1006 3188 ut
1021 3125 1155 3189 decebat
1173 3124 1270 3189 inue-

238 3247 386 3333 stigasse‚
412 3247 538 3312 creduli
565 3248 704 3311 eandem
726 3270 825 3331 quarn
847 3246 898 3311 illi
919 3245 1109 3331 praeierunt
1132 3246 1269 3310 cantile-

237 3391 315 3432 nam
337 3379 512 3432 cantarunt
534 3369 574 3432 de
590 3368 701 3433 codice
715 3368 908 3432 Heinsiano.
939 3367 995 3430 sed
1009 3367 1169 3430 Iordanus
1186 3389 1269 3450 quae

237 3489 374 3574 protulit
389 3489 508 3573 quibus
522 3490 622 3553 fidem
645 3499 678 3553 et
700 3487 860 3573 originem
881 3487 1058 3552 Heinsiani
1079 3487 1155 3551 libri
1177 3497 1269 3572 patc-

237 3610 373 3689 faceret,
399 3632 513 3674 eorum
543 3607 688 3694 primum
710 3608 1017 3674 commemoratione
1041 3607 1178 3694 dignum
1201 3631 1269 3672 non

238 3741 286 3795 est
304 3731 345 3816 (p.
365 3738 413 3810 95,
432 3734 478 3816 1);
502 3731 643 3794 alterum
664 3730 727 3794 hoc
750 3740 798 3794 est
813 3753 844 3815 p.
864 3737 912 3810 97,
932 3738 948 3793 3
972 3728 1070 3793 inrita
1092 3729 1270 3814 apso-stoque

237 3854 308 3930 AB3
325 3845 503 3938 infectoque
517 3851 736 3915 Heinsianus:
760 3873 879 3935 nempe
900 3851 964 3914 hoc
979 3850 1067 3934 quod
1089 3871 1207 3913 uerum
1221 3860 1270 3913 est

237 3973 458 4038 Heinsianum
474 3996 515 4037 ex
530 3995 588 4036 suo
605 3973 747 4055 quodam
762 3971 937 4057 archetypo
952 3970 1091 4056 petiisse,
1109 3992 1177 4034 non
1184 3972 1268 4035 Vos-

237 4093 403 4157 sianorum
424 4094 628 4157 leuidensem
650 4113 791 4156 errorem
806 4115 848 4155 ex
862 4092 1030 4156 communi
1049 4091 1139 4155 fonte
1162 4100 1268 4153 trans-

235 4216 348 4294 latum,
362 4214 412 4278 uti
425 4215 488 4278 hac
503 4213 694 4298 praesertim
708 4213 863 4276 iunctura
872 4212 1047 4278 nominum
1060 4212 1098 4275 in
1112 4223 1266 4296 promptu

1041 4331 1060 4385 b
