<?xml version="1.0" encoding="UTF-8"?>
<!DOCTYPE html PUBLIC "-//W3C//DTD XHTML 1.0 Transitional//EN"
    "http://www.w3.org/TR/xhtml1/DTD/xhtml1-transitional.dtd">
<html xmlns="http://www.w3.org/1999/xhtml" xml:lang="en" lang="en">
 <head>
  <title>
</title>
<meta http-equiv="Content-Type" content="text/html;charset=utf-8" />
  <meta name='ocr-system' content='tesseract 3.04.00' />
  <meta name='ocr-capabilities' content='ocr_page ocr_carea ocr_par ocr_line ocrx_word'/>
</head>
<body>
  <div class='ocr_page' id='page_1' title='image "./delegibuslibrie00vahlgoog_0090.png"; bbox 0 0 3260 4968; ppageno 0'>
   <div class='ocr_carea' id='block_1_1' title="bbox 637 446 1262 516">
    <p class='ocr_par' dir='ltr' id='par_1_1' title="bbox 637 446 1262 516">
     <span class='ocr_line' id='line_1_1' title="bbox 637 446 1262 516; baseline 0 -13"><span class='ocrx_word' id='word_1_1' title='bbox 637 452 708 514; x_wconf 81' lang='lat'><strong>120,</strong></span> <span class='ocrx_word' id='word_1_2' title='bbox 731 451 841 502; x_wconf 80' lang='lat'>53-54</span> <span class='ocrx_word' id='word_1_3' title='bbox 1219 446 1262 516; x_wconf 79' lang='lat'><strong>59·</strong></span> 
     </span>
    </p>
   </div>
   <div class='ocr_carea' id='block_1_2' title="bbox 176 619 1302 1634">
    <p class='ocr_par' dir='ltr' id='par_1_2' title="bbox 226 619 1260 807">
     <span class='ocr_line' id='line_1_2' title="bbox 227 619 1260 708; baseline 0.004 -24"><span class='ocrx_word' id='word_1_4' title='bbox 227 619 268 684; x_wconf 87' lang='lat' dir='ltr'><strong>tis</strong></span> <span class='ocrx_word' id='word_1_5' title='bbox 294 642 389 704; x_wconf 85' lang='lat' dir='ltr'>saepe</span> <span class='ocrx_word' id='word_1_6' title='bbox 418 621 574 685; x_wconf 85' lang='lat' dir='ltr'><strong>derisum:</strong></span> <span class='ocrx_word' id='word_1_7' title='bbox 599 623 655 686; x_wconf 87' lang='lat' dir='ltr'><strong>sed</strong></span> <span class='ocrx_word' id='word_1_8' title='bbox 678 643 737 708; x_wconf 86' lang='lat' dir='ltr'><strong>ege</strong></span> <span class='ocrx_word' id='word_1_9' title='bbox 759 623 858 706; x_wconf 83' lang='lat' dir='ltr'><strong>plane</strong></span> <span class='ocrx_word' id='word_1_10' title='bbox 880 622 1002 687; x_wconf 90' lang='lat' dir='ltr'><strong>uellem</strong></span> <span class='ocrx_word' id='word_1_11' title='bbox 1024 645 1077 687; x_wconf 91' lang='lat' dir='ltr'><strong>me</strong></span> <span class='ocrx_word' id='word_1_12' title='bbox 1100 624 1260 688; x_wconf 85' lang='lat' dir='ltr'><strong>arbitrum</strong></span> 
     </span>
     <span class='ocr_line' id='line_1_3' title="bbox 226 723 1124 807; baseline 0.002 -21"><span class='ocrx_word' id='word_1_13' title='bbox 226 723 312 786; x_wconf 88' lang='lat' dir='ltr'><strong>inter</strong></span> <span class='ocrx_word' id='word_1_14' title='bbox 334 723 502 807; x_wconf 78' lang='lat' dir='ltr'><strong>antiquam</strong></span> <span class='ocrx_word' id='word_1_15' title='bbox 525 725 737 789; x_wconf 81' lang='lat' dir='ltr'><strong>Academiam</strong></span> <span class='ocrx_word' id='word_1_16' title='bbox 759 736 792 788; x_wconf 90' lang='lat' dir='ltr'><strong>et</strong></span> <span class='ocrx_word' id='word_1_17' title='bbox 813 727 980 790; x_wconf 86' lang='lat' dir='ltr'><strong>Zenonem</strong></span> <span class='ocrx_word' id='word_1_18' title='bbox 1002 726 1124 789; x_wconf 81' lang='lat' dir='ltr'><strong>datum.</strong></span> 
     </span>
    </p>

    <p class='ocr_par' dir='ltr' id='par_1_3' title="bbox 290 827 950 895">
     <span class='ocr_line' id='line_1_4' title="bbox 290 827 950 895; baseline -0.002 -4"><span class='ocrx_word' id='word_1_19' title='bbox 290 830 441 891; x_wconf 76' lang='lat' dir='ltr'><strong>Annicvs.</strong></span> <span class='ocrx_word' id='word_1_20' title='bbox 473 827 547 895; x_wconf 86' lang='lat' dir='ltr'><strong>Quo</strong></span> <span class='ocrx_word' id='word_1_21' title='bbox 571 829 704 893; x_wconf 83' lang='lat' dir='ltr'><strong>tandem</strong></span> <span class='ocrx_word' id='word_1_22' title='bbox 725 829 810 892; x_wconf 85' lang='lat' dir='ltr'><strong>istuc</strong></span> <span class='ocrx_word' id='word_1_23' title='bbox 833 829 950 893; x_wconf 80' lang='lat' dir='ltr'><strong>model</strong></span> 
     </span>
    </p>

    <p class='ocr_par' dir='ltr' id='par_1_4' title="bbox 226 930 1302 1119">
     <span class='ocr_line' id='line_1_5' title="bbox 291 930 1259 1011; baseline 0.004 -17"><span class='ocrx_word' id='word_1_24' title='bbox 291 932 443 994; x_wconf 78' lang='lat' dir='ltr'><strong>Mincvs.</strong></span> <span class='ocrx_word' id='word_1_25' title='bbox 476 930 564 998; x_wconf 85' lang='lat' dir='ltr'><strong>Quia</strong></span> <span class='ocrx_word' id='word_1_26' title='bbox 586 932 626 995; x_wconf 92' lang='lat' dir='ltr'><strong>de</strong></span> <span class='ocrx_word' id='word_1_27' title='bbox 646 955 680 996; x_wconf 90' lang='lat' dir='ltr'><strong>re</strong></span> <span class='ocrx_word' id='word_1_28' title='bbox 696 954 763 996; x_wconf 84' lang='lat' dir='ltr'><strong>une</strong></span> <span class='ocrx_word' id='word_1_29' title='bbox 778 933 884 996; x_wconf 86' lang='lat' dir='ltr'><strong>solum</strong></span> <span class='ocrx_word' id='word_1_30' title='bbox 900 932 1065 1011; x_wconf 84' lang='lat' dir='ltr'><strong>dissident,</strong></span> <span class='ocrx_word' id='word_1_31' title='bbox 1084 933 1124 998; x_wconf 93' lang='lat' dir='ltr'><strong>de</strong></span> <span class='ocrx_word' id='word_1_32' title='bbox 1144 934 1259 998; x_wconf 83' lang='lat' dir='ltr'><strong>ceteris</strong></span> 
     </span>
     <span class='ocr_line' id='line_1_6' title="bbox 226 1033 1302 1119; baseline 0.007 -23"><span class='ocrx_word' id='word_1_33' title='bbox 226 1033 362 1097; x_wconf 82' lang='lat' dir='ltr'><strong>mirifice</strong></span> <span class='ocrx_word' id='word_1_34' title='bbox 385 1045 581 1119; x_wconf 85' lang='lat' dir='ltr'><strong>congruunt.</strong></span> <span class='ocrx_word' id='word_1_35' title='bbox 1289 1055 1302 1095; x_wconf 66' lang='grc' dir='ltr'><strong>ὅ</strong></span> 
     </span>
    </p>

    <p class='ocr_par' dir='ltr' id='par_1_5' title="bbox 290 1137 1246 1205">
     <span class='ocr_line' id='line_1_7' title="bbox 290 1137 1246 1205; baseline 0.004 -6"><span class='ocrx_word' id='word_1_36' title='bbox 290 1138 441 1201; x_wconf 75' lang='lat' dir='ltr'><strong>Annicvs.</strong></span> <span class='ocrx_word' id='word_1_37' title='bbox 472 1137 538 1201; x_wconf 87' lang='lat' dir='ltr'><strong>Ain</strong></span> <span class='ocrx_word' id='word_1_38' title='bbox 561 1139 714 1202; x_wconf 69' lang='lat' dir='ltr'><strong>tandem?</strong></span> <span class='ocrx_word' id='word_1_39' title='bbox 736 1160 845 1202; x_wconf 82' lang='lat' dir='ltr'><strong>unane</strong></span> <span class='ocrx_word' id='word_1_40' title='bbox 869 1149 918 1202; x_wconf 86' lang='lat' dir='ltr'><strong>est</strong></span> <span class='ocrx_word' id='word_1_41' title='bbox 939 1139 1046 1202; x_wconf 89' lang='lat' dir='ltr'><strong>solum</strong></span> <span class='ocrx_word' id='word_1_42' title='bbox 1069 1139 1246 1205; x_wconf 67' lang='lat' dir='ltr'><strong>dissensio?</strong></span> 
     </span>
    </p>

    <p class='ocr_par' dir='ltr' id='par_1_6' title="bbox 176 1240 1258 1328">
     <span class='ocr_line' id='line_1_8' title="bbox 176 1240 1258 1328; baseline 0.004 -24"><span class='ocrx_word' id='word_1_43' title='bbox 176 1248 214 1304; x_wconf 86' lang='grc'><strong>54</strong></span> <span class='ocrx_word' id='word_1_44' title='bbox 288 1241 439 1304; x_wconf 77' lang='lat' dir='ltr'><strong>Mincvs.</strong></span> <span class='ocrx_word' id='word_1_45' title='bbox 463 1240 557 1308; x_wconf 80' lang='lat' dir='ltr'><strong>Quae</strong></span> <span class='ocrx_word' id='word_1_46' title='bbox 569 1241 702 1325; x_wconf 88' lang='lat' dir='ltr'><strong>quidem</strong></span> <span class='ocrx_word' id='word_1_47' title='bbox 714 1242 756 1304; x_wconf 84' lang='lat' dir='ltr'><strong>ad</strong></span> <span class='ocrx_word' id='word_1_48' title='bbox 770 1263 839 1305; x_wconf 89' lang='lat' dir='ltr'><strong>rem</strong></span> <span class='ocrx_word' id='word_1_49' title='bbox 854 1240 1023 1325; x_wconf 83' lang='lat' dir='ltr'><strong>pertineat,</strong></span> <span class='ocrx_word' id='word_1_50' title='bbox 1039 1265 1119 1305; x_wconf 85' lang='lat' dir='ltr'><strong>une:</strong></span> <span class='ocrx_word' id='word_1_51' title='bbox 1137 1243 1258 1328; x_wconf 90' lang='lat' dir='ltr'><strong>quippe</strong></span> 
     </span>
    </p>

    <p class='ocr_par' dir='ltr' id='par_1_7' title="bbox 225 1343 1301 1634">
     <span class='ocr_line' id='line_1_9' title="bbox 226 1343 1258 1430; baseline 0.006 -25"><span class='ocrx_word' id='word_1_52' title='bbox 226 1364 326 1426; x_wconf 89' lang='lat' dir='ltr'><strong>quom</strong></span> <span class='ocrx_word' id='word_1_53' title='bbox 340 1343 468 1427; x_wconf 82' lang='lat' dir='ltr'><strong>antiqui</strong></span> <span class='ocrx_word' id='word_1_54' title='bbox 483 1366 589 1422; x_wconf 90' lang='lat' dir='ltr'><strong>omne,</strong></span> <span class='ocrx_word' id='word_1_55' title='bbox 607 1345 695 1428; x_wconf 88' lang='lat' dir='ltr'>quod</span> <span class='ocrx_word' id='word_1_56' title='bbox 710 1344 892 1408; x_wconf 84' lang='lat' dir='ltr'><strong>secundum</strong></span> <span class='ocrx_word' id='word_1_57' title='bbox 907 1355 1060 1407; x_wconf 80' lang='lat' dir='ltr'><strong>naturam</strong></span> <span class='ocrx_word' id='word_1_58' title='bbox 1080 1357 1171 1425; x_wconf 85' lang='lat' dir='ltr'><strong>esset,</strong></span> <span class='ocrx_word' id='word_1_59' title='bbox 1194 1369 1258 1430; x_wconf 93' lang='lat' dir='ltr'><strong>quo</strong></span> 
     </span>
     <span class='ocr_line' id='line_1_10' title="bbox 225 1445 1259 1527; baseline 0.005 -19"><span class='ocrx_word' id='word_1_60' title='bbox 225 1445 416 1509; x_wconf 82' lang='lat' dir='ltr'><strong>innaremur</strong></span> <span class='ocrx_word' id='word_1_61' title='bbox 443 1446 479 1510; x_wconf 94' lang='lat' dir='ltr'><strong>in</strong></span> <span class='ocrx_word' id='word_1_62' title='bbox 506 1448 588 1526; x_wconf 88' lang='lat' dir='ltr'><strong>uita,</strong></span> <span class='ocrx_word' id='word_1_63' title='bbox 618 1449 743 1512; x_wconf 83' lang='lat' dir='ltr'><strong>honuni</strong></span> <span class='ocrx_word' id='word_1_64' title='bbox 770 1469 838 1511; x_wconf 89' lang='lat' dir='ltr'><strong>esse</strong></span> <span class='ocrx_word' id='word_1_65' title='bbox 865 1447 1083 1527; x_wconf 84' lang='lat' dir='ltr'><strong>decreuerint,</strong></span> <span class='ocrx_word' id='word_1_66' title='bbox 1112 1449 1168 1514; x_wconf 89' lang='lat' dir='ltr'><strong>hie</strong></span> <span class='ocrx_word' id='word_1_67' title='bbox 1195 1449 1259 1515; x_wconf 84' lang='lat' dir='ltr'><strong>nisi</strong></span> 
     </span>
     <span class='ocr_line' id='line_1_11' title="bbox 225 1549 1301 1634; baseline 0.003 -22"><span class='ocrx_word' id='word_1_68' title='bbox 225 1549 313 1632; x_wconf 90' lang='lat' dir='ltr'>quod</span> <span class='ocrx_word' id='word_1_69' title='bbox 334 1549 509 1613; x_wconf 83' lang='lat' dir='ltr'><strong>honestum</strong></span> <span class='ocrx_word' id='word_1_70' title='bbox 532 1561 616 1614; x_wconf 80' lang='lat' dir='ltr'><strong>esset</strong></span> <span class='ocrx_word' id='word_1_71' title='bbox 637 1550 720 1614; x_wconf 75' lang='lat' dir='ltr'><strong>nibil</strong></span> <span class='ocrx_word' id='word_1_72' title='bbox 739 1573 804 1613; x_wconf 80' lang='lat' dir='ltr'><strong>esse</strong></span> <span class='ocrx_word' id='word_1_73' title='bbox 826 1551 950 1634; x_wconf 83' lang='lat' dir='ltr'><strong>putarit</strong></span> <span class='ocrx_word' id='word_1_74' title='bbox 971 1553 1105 1615; x_wconf 88' lang='lat' dir='ltr'><strong>bonum.</strong></span> <span class='ocrx_word' id='word_1_75' title='bbox 1277 1569 1301 1610; x_wconf 88' lang='lat'><strong>1⁰</strong></span> 
     </span>
    </p>
   </div>
   <div class='ocr_carea' id='block_1_3' title="bbox 223 1890 1258 2066">
    <p class='ocr_par' dir='ltr' id='par_1_8' title="bbox 223 1890 1258 2066">
     <span class='ocr_line' id='line_1_12' title="bbox 227 1890 1257 1999; baseline 0.007 -56"><span class='ocrx_word' id='word_1_76' title='bbox 227 1894 238 1943; x_wconf 91' lang='lat'>1</span> <span class='ocrx_word' id='word_1_77' title='bbox 259 1890 322 1963; x_wconf 82' lang='lat' dir='ltr'>sepe</span> <span class='ocrx_word' id='word_1_78' title='bbox 340 1911 400 1946; x_wconf 87' lang='lat' dir='ltr'><strong>eorr</strong></span> <span class='ocrx_word' id='word_1_79' title='bbox 418 1890 480 1972; x_wconf 65' lang='lat' dir='ltr'><strong>sepe</strong></span> <span class='ocrx_word' id='word_1_80' title='bbox 498 1894 527 1947; x_wconf 90' lang='lat' dir='ltr'><em>B</em></span> <span class='ocrx_word' id='word_1_81' title='bbox 631 1891 716 1947; x_wconf 78' lang='lat' dir='ltr'>dirissi</span> <span class='ocrx_word' id='word_1_82' title='bbox 734 1911 796 1947; x_wconf 85' lang='lat' dir='ltr'><strong>eorr</strong></span> <span class='ocrx_word' id='word_1_83' title='bbox 815 1892 848 1946; x_wconf 86' lang='lat' dir='ltr'><strong>ile</strong></span> <span class='ocrx_word' id='word_1_84' title='bbox 867 1895 893 1946; x_wconf 92' lang='lat' dir='ltr'><em>A</em></span> <span class='ocrx_word' id='word_1_85' title='bbox 998 1893 1098 1948; x_wconf 89' lang='lat' dir='ltr'><strong>uellem</strong></span> <span class='ocrx_word' id='word_1_86' title='bbox 1116 1897 1143 1948; x_wconf 78' lang='lat' dir='ltr'><strong>sn</strong></span> <span class='ocrx_word' id='word_1_87' title='bbox 1161 1913 1257 1999; x_wconf 52' lang='lat' dir='ltr'><strong>raeupa</strong></span> 
     </span>
     <span class='ocr_line' id='line_1_13' title="bbox 223 1993 1258 2066; baseline 0.008 -20"><span class='ocrx_word' id='word_1_88' title='bbox 223 1997 249 2046; x_wconf 98' lang='lat' dir='ltr'><em>A</em></span> <span class='ocrx_word' id='word_1_89' title='bbox 267 1993 368 2049; x_wconf 87' lang='lat' dir='ltr'><strong>uellem</strong></span> <span class='ocrx_word' id='word_1_90' title='bbox 386 1994 448 2060; x_wconf 89' lang='lat' dir='ltr'><strong>(lem</strong></span> <span class='ocrx_word' id='word_1_91' title='bbox 464 1997 493 2050; x_wconf 78' lang='lat' dir='ltr'><strong>eh</strong></span> <span class='ocrx_word' id='word_1_92' title='bbox 510 1995 613 2061; x_wconf 74' lang='lat' dir='ltr'><strong>r&#39;aeara)</strong></span> <span class='ocrx_word' id='word_1_93' title='bbox 633 1997 660 2050; x_wconf 87' lang='lat' dir='ltr'><em>B</em></span> <span class='ocrx_word' id='word_1_94' title='bbox 677 1994 750 2049; x_wconf 72' lang='lat' dir='ltr'><strong>uelle</strong></span> <span class='ocrx_word' id='word_1_95' title='bbox 764 1997 800 2050; x_wconf 90' lang='lat' dir='ltr'><em>H</em></span> <span class='ocrx_word' id='word_1_96' title='bbox 835 2013 837 2020; x_wconf 92' lang='lat'>·</span> <span class='ocrx_word' id='word_1_97' title='bbox 890 1997 1028 2052; x_wconf 81' lang='lat' dir='ltr'><strong>erbnrum</strong></span> <span class='ocrx_word' id='word_1_98' title='bbox 1041 2001 1068 2051; x_wconf 87' lang='lat' dir='ltr'><em>A</em></span> <span class='ocrx_word' id='word_1_99' title='bbox 1164 2003 1258 2066; x_wconf 68' lang='lat' dir='ltr'><strong>laea-</strong></span> 
     </span>
    </p>
   </div>
   <div class='ocr_carea' id='block_1_4' title="bbox 222 2076 1257 2272">
    <p class='ocr_par' dir='ltr' id='par_1_9' title="bbox 222 2076 1257 2272">
     <span class='ocr_line' id='line_1_14' title="bbox 223 2076 1177 2172; baseline 0.003 -21"><span class='ocrx_word' id='word_1_100' title='bbox 223 2097 340 2151; x_wconf 83' lang='lat' dir='ltr'><strong>demiem</strong></span> <span class='ocrx_word' id='word_1_101' title='bbox 351 2102 378 2151; x_wconf 90' lang='lat' dir='ltr'><em>A</em></span> <span class='ocrx_word' id='word_1_102' title='bbox 397 2098 562 2152; x_wconf 74' lang='lat' dir='ltr'>academiam</span> <span class='ocrx_word' id='word_1_103' title='bbox 582 2102 605 2163; x_wconf 88' lang='lat' dir='ltr'><strong>(a</strong></span> <span class='ocrx_word' id='word_1_104' title='bbox 619 2099 740 2170; x_wconf 78' lang='lat' dir='ltr'><strong>primam</strong></span> <span class='ocrx_word' id='word_1_105' title='bbox 758 2099 787 2152; x_wconf 77' lang='lat' dir='ltr'><strong>ia</strong></span> <span class='ocrx_word' id='word_1_106' title='bbox 805 2104 910 2166; x_wconf 76' lang='lat' dir='ltr'><strong>rasura)</strong></span> <span class='ocrx_word' id='word_1_107' title='bbox 927 2101 962 2154; x_wconf 90' lang='lat' dir='ltr'><em>H</em></span> <span class='ocrx_word' id='word_1_108' title='bbox 1055 2076 1138 2172; x_wconf 68' lang='lat' dir='ltr'><strong>iquh</strong></span> <span class='ocrx_word' id='word_1_109' title='bbox 1150 2105 1177 2154; x_wconf 91' lang='lat' dir='ltr'><em>A</em></span> 
     </span>
     <span class='ocr_line' id='line_1_15' title="bbox 222 2177 1257 2272; baseline 0.005 -17"><span class='ocrx_word' id='word_1_110' title='bbox 222 2188 278 2256; x_wconf 65' lang='lat' dir='ltr'><strong>uni</strong></span> <span class='ocrx_word' id='word_1_111' title='bbox 296 2204 324 2256; x_wconf 93' lang='lat' dir='ltr'><em>B</em></span> <span class='ocrx_word' id='word_1_112' title='bbox 341 2219 430 2255; x_wconf 71' lang='lat' dir='ltr'><strong>unni*</strong></span> <span class='ocrx_word' id='word_1_113' title='bbox 447 2204 475 2255; x_wconf 89' lang='lat' dir='ltr'><em>A</em></span> <span class='ocrx_word' id='word_1_114' title='bbox 492 2220 548 2255; x_wconf 84' lang='lat' dir='ltr'><strong>una</strong></span> <span class='ocrx_word' id='word_1_115' title='bbox 567 2203 603 2256; x_wconf 91' lang='lat' dir='ltr'><em>H</em></span> <span class='ocrx_word' id='word_1_116' title='bbox 724 2177 849 2256; x_wconf 73' lang='lat' dir='ltr'><strong>(lissident</strong></span> <span class='ocrx_word' id='word_1_117' title='bbox 860 2203 888 2254; x_wconf 90' lang='lat' dir='ltr'><em>B</em></span> <span class='ocrx_word' id='word_1_118' title='bbox 906 2201 1031 2257; x_wconf 75' lang='lat' dir='ltr'>dissideis</span> <span class='ocrx_word' id='word_1_119' title='bbox 1051 2205 1090 2269; x_wconf 70' lang='lat' dir='ltr'><strong>(is</strong></span> <span class='ocrx_word' id='word_1_120' title='bbox 1109 2225 1122 2258; x_wconf 87' lang='lat' dir='ltr'><strong>e</strong></span> <span class='ocrx_word' id='word_1_121' title='bbox 1139 2210 1210 2272; x_wconf 66' lang='lat' dir='ltr'><strong>eoin)</strong></span> <span class='ocrx_word' id='word_1_122' title='bbox 1230 2209 1257 2259; x_wconf 85' lang='grc' dir='ltr'><em>Α</em></span> 
     </span>
    </p>
   </div>
   <div class='ocr_carea' id='block_1_5' title="bbox 223 2286 1362 2401">
    <p class='ocr_par' dir='ltr' id='par_1_10' title="bbox 223 2286 1362 2401">
     <span class='ocr_line' id='line_1_16' title="bbox 223 2286 1362 2401; baseline 0.005 -27"><span class='ocrx_word' id='word_1_123' title='bbox 223 2286 334 2374; x_wconf 69' lang='lat' dir='ltr'><strong>(hibeni</strong></span> <span class='ocrx_word' id='word_1_124' title='bbox 347 2322 383 2374; x_wconf 91' lang='lat' dir='ltr'><em>H</em></span> <span class='ocrx_word' id='word_1_125' title='bbox 472 2320 573 2401; x_wconf 68' lang='lat' dir='ltr'><strong>cerens</strong></span> <span class='ocrx_word' id='word_1_126' title='bbox 585 2322 621 2375; x_wconf 91' lang='lat' dir='ltr'><em>H</em></span> <span class='ocrx_word' id='word_1_127' title='bbox 714 2288 1068 2392; x_wconf 64' lang='lat' dir='ltr'><strong>eaintentdbh⁷¹¹1¹i⁰euni⁶·he</strong></span> <span class='ocrx_word' id='word_1_128' title='bbox 1088 2298 1186 2379; x_wconf 68' lang='lat' dir='ltr'><strong>estole</strong></span> <span class='ocrx_word' id='word_1_129' title='bbox 1204 2325 1257 2380; x_wconf 88' lang='lat' dir='ltr'>dis·</span> <span class='ocrx_word' id='word_1_130' title='bbox 1360 2325 1362 2331; x_wconf 75' lang='grc'>’</span> 
     </span>
    </p>
   </div>
   <div class='ocr_carea' id='block_1_6' title="bbox 223 2421 1256 2493">
    <p class='ocr_par' dir='ltr' id='par_1_11' title="bbox 223 2421 1256 2493">
     <span class='ocr_line' id='line_1_17' title="bbox 223 2421 1256 2493; baseline 0.007 -17"><span class='ocrx_word' id='word_1_131' title='bbox 223 2421 309 2477; x_wconf 90' lang='lat' dir='ltr'><strong>sensio</strong></span> <span class='ocrx_word' id='word_1_132' title='bbox 319 2426 348 2479; x_wconf 90' lang='lat' dir='ltr'><em>B</em></span> <span class='ocrx_word' id='word_1_133' title='bbox 359 2442 405 2478; x_wconf 86' lang='lat' dir='ltr'><strong>ein</strong></span> <span class='ocrx_word' id='word_1_134' title='bbox 416 2422 530 2478; x_wconf 75' lang='lat' dir='ltr'><strong>tandem</strong></span> <span class='ocrx_word' id='word_1_135' title='bbox 541 2442 576 2493; x_wconf 77' lang='lat' dir='ltr'><strong>ne</strong></span> <span class='ocrx_word' id='word_1_136' title='bbox 589 2443 691 2479; x_wconf 84' lang='lat' dir='ltr'><strong>unane</strong></span> <span class='ocrx_word' id='word_1_137' title='bbox 704 2423 747 2479; x_wconf 73' lang='lat' dir='ltr'><strong>est</strong></span> <span class='ocrx_word' id='word_1_138' title='bbox 764 2423 852 2479; x_wconf 89' lang='lat' dir='ltr'><strong>solam</strong></span> <span class='ocrx_word' id='word_1_139' title='bbox 863 2423 992 2479; x_wconf 78' lang='lat' dir='ltr'><strong>dissensio</strong></span> <span class='ocrx_word' id='word_1_140' title='bbox 1007 2426 1174 2483; x_wconf 78' lang='lat' dir='ltr'><strong>Heiaeianae</strong></span> <span class='ocrx_word' id='word_1_141' title='bbox 1186 2428 1256 2483; x_wconf 82' lang='lat' dir='ltr'><strong>Tan-</strong></span> 
     </span>
    </p>
   </div>
   <div class='ocr_carea' id='block_1_7' title="bbox 221 2493 1258 2776">
    <p class='ocr_par' dir='ltr' id='par_1_12' title="bbox 221 2493 1258 2782">
     <span class='ocr_line' id='line_1_18' title="bbox 221 2493 1257 2602; baseline 0.006 -23"><span class='ocrx_word' id='word_1_142' title='bbox 221 2532 290 2580; x_wconf 77' lang='lat' dir='ltr'><strong>ii&#39;ine</strong></span> <span class='ocrx_word' id='word_1_143' title='bbox 308 2545 364 2580; x_wconf 82' lang='lat' dir='ltr'><strong>una</strong></span> <span class='ocrx_word' id='word_1_144' title='bbox 381 2527 415 2581; x_wconf 85' lang='lat' dir='ltr'><strong>ile</strong></span> <span class='ocrx_word' id='word_1_145' title='bbox 433 2545 463 2581; x_wconf 89' lang='lat' dir='ltr'><strong>re</strong></span> <span class='ocrx_word' id='word_1_146' title='bbox 481 2525 523 2581; x_wconf 73' lang='lat' dir='ltr'><strong>est</strong></span> <span class='ocrx_word' id='word_1_147' title='bbox 541 2525 599 2581; x_wconf 79' lang='lat' dir='ltr'>solii</span> <span class='ocrx_word' id='word_1_148' title='bbox 616 2493 783 2600; x_wconf 47' lang='lat' dir='ltr'><strong>disss&#39;raee</strong></span> <span class='ocrx_word' id='word_1_149' title='bbox 795 2526 881 2582; x_wconf 88' lang='lat' dir='ltr'><strong>sensio</strong></span> <span class='ocrx_word' id='word_1_150' title='bbox 893 2529 991 2602; x_wconf 63' lang='lat' dir='ltr'><strong>quippe</strong></span> <span class='ocrx_word' id='word_1_151' title='bbox 1003 2532 1215 2601; x_wconf 75' lang='lat' dir='ltr'><strong>superscriptam</strong></span> <span class='ocrx_word' id='word_1_152' title='bbox 1227 2533 1257 2586; x_wconf 78' lang='lat' dir='ltr'><strong>in</strong></span> 
     </span>
     <span class='ocr_line' id='line_1_19' title="bbox 222 2613 1257 2689; baseline 0.005 -24"><span class='ocrx_word' id='word_1_153' title='bbox 222 2630 321 2666; x_wconf 84' lang='lat' dir='ltr'><strong>raeara</strong></span> <span class='ocrx_word' id='word_1_154' title='bbox 339 2615 379 2678; x_wconf 90' lang='lat' dir='ltr'><strong>A,</strong></span> <span class='ocrx_word' id='word_1_155' title='bbox 401 2613 430 2667; x_wconf 73' lang='lat' dir='ltr'><strong>in</strong></span> <span class='ocrx_word' id='word_1_156' title='bbox 448 2631 497 2683; x_wconf 81' lang='lat' dir='ltr'><strong>qao</strong></span> <span class='ocrx_word' id='word_1_157' title='bbox 514 2631 547 2666; x_wconf 84' lang='lat' dir='ltr'><strong>ne</strong></span> <span class='ocrx_word' id='word_1_158' title='bbox 564 2615 609 2667; x_wconf 78' lang='lat' dir='ltr'><strong>bie</strong></span> <span class='ocrx_word' id='word_1_159' title='bbox 627 2614 733 2684; x_wconf 77' lang='lat' dir='ltr'><strong>quidem</strong></span> <span class='ocrx_word' id='word_1_160' title='bbox 751 2614 861 2668; x_wconf 79' lang='lat' dir='ltr'><strong>dubiam</strong></span> <span class='ocrx_word' id='word_1_161' title='bbox 879 2621 917 2670; x_wconf 80' lang='lat' dir='ltr'><strong>eet</strong></span> <span class='ocrx_word' id='word_1_162' title='bbox 934 2615 1151 2686; x_wconf 76' lang='lat' dir='ltr'><strong>qasdeeri‘ptam</strong></span> <span class='ocrx_word' id='word_1_163' title='bbox 1165 2619 1257 2689; x_wconf 76' lang='lat' dir='ltr'><strong>faerit</strong></span> 
     </span>
     <span class='ocr_line' id='line_1_20' title="bbox 221 2700 1258 2776; baseline 0.007 -25"><span class='ocrx_word' id='word_1_164' title='bbox 221 2701 282 2751; x_wconf 82' lang='lat' dir='ltr'><strong>ante</strong></span> <span class='ocrx_word' id='word_1_165' title='bbox 293 2716 416 2753; x_wconf 82' lang='lat' dir='ltr'><strong>raearam</strong></span> <span class='ocrx_word' id='word_1_166' title='bbox 519 2702 534 2751; x_wconf 81' lang='grc'><strong>1</strong></span> <span class='ocrx_word' id='word_1_167' title='bbox 547 2716 689 2770; x_wconf 77' lang='lat' dir='ltr'><strong>pertineat</strong></span> <span class='ocrx_word' id='word_1_168' title='bbox 702 2701 870 2756; x_wconf 75' lang='lat' dir='ltr'><strong>Heiaeianae</strong></span> <span class='ocrx_word' id='word_1_169' title='bbox 881 2717 1057 2771; x_wconf 73' lang='lat' dir='ltr'><strong>pertinentur</strong></span> <span class='ocrx_word' id='word_1_170' title='bbox 1066 2706 1093 2757; x_wconf 94' lang='lat' dir='ltr'><em>A</em></span> <span class='ocrx_word' id='word_1_171' title='bbox 1105 2700 1218 2776; x_wconf 71' lang='lat' dir='ltr'><strong>pimeni</strong></span> <span class='ocrx_word' id='word_1_172' title='bbox 1230 2705 1258 2758; x_wconf 90' lang='lat' dir='ltr'><em>B</em></span> 
     </span>
    </p>
   </div>
   <div class='ocr_carea' id='block_1_8' title="bbox 326 2794 1254 2902">
    <p class='ocr_par' dir='ltr' id='par_1_13' title="bbox 326 2794 1254 2902">
     <span class='ocr_line' id='line_1_21' title="bbox 326 2794 1254 2902; baseline 0.004 -30"><span class='ocrx_word' id='word_1_173' title='bbox 326 2821 341 2872; x_wconf 85' lang='lat'>8</span> <span class='ocrx_word' id='word_1_174' title='bbox 359 2794 442 2902; x_wconf 61' lang='lat' dir='ltr'><strong>{abin</strong></span> <span class='ocrx_word' id='word_1_175' title='bbox 460 2822 488 2874; x_wconf 93' lang='lat' dir='ltr'><em>B</em></span> <span class='ocrx_word' id='word_1_176' title='bbox 505 2794 537 2874; x_wconf 86' lang='lat' dir='ltr'><strong>eb</strong></span> <span class='ocrx_word' id='word_1_177' title='bbox 556 2823 583 2874; x_wconf 95' lang='lat' dir='ltr'><em>A</em></span> <span class='ocrx_word' id='word_1_178' title='bbox 601 2837 663 2874; x_wconf 83' lang='lat' dir='ltr'><strong>enm</strong></span> <span class='ocrx_word' id='word_1_179' title='bbox 682 2822 718 2874; x_wconf 91' lang='lat' dir='ltr'><em>H</em></span> <span class='ocrx_word' id='word_1_180' title='bbox 816 2838 896 2873; x_wconf 88' lang='lat' dir='ltr'><strong>omne</strong></span> <span class='ocrx_word' id='word_1_181' title='bbox 914 2820 1020 2876; x_wconf 79' lang='lat' dir='ltr'><strong>Bakiue</strong></span> <span class='ocrx_word' id='word_1_182' title='bbox 1040 2825 1106 2888; x_wconf 79' lang='lat' dir='ltr'><strong>(coll.</strong></span> <span class='ocrx_word' id='word_1_183' title='bbox 1119 2825 1214 2896; x_wconf 79' lang='lat' dir='ltr'><strong>defin.</strong></span> <span class='ocrx_word' id='word_1_184' title='bbox 1230 2826 1254 2888; x_wconf 90' lang='lat'><strong>3,</strong></span> 
     </span>
    </p>
   </div>
   <div class='ocr_carea' id='block_1_9' title="bbox 219 2921 1259 4197">
    <p class='ocr_par' dir='ltr' id='par_1_14' title="bbox 219 2921 1257 3592">
     <span class='ocr_line' id='line_1_22' title="bbox 224 2921 1257 2996; baseline 0.008 -24"><span class='ocrx_word' id='word_1_185' title='bbox 224 2923 264 2986; x_wconf 93' lang='grc'><strong>11,</strong></span> <span class='ocrx_word' id='word_1_186' title='bbox 280 2923 313 2975; x_wconf 87' lang='lat'><strong>36</strong></span> <span class='ocrx_word' id='word_1_187' title='bbox 329 2927 355 2975; x_wconf 78' lang='lat' dir='ltr'><strong>eb</strong></span> <span class='ocrx_word' id='word_1_188' title='bbox 368 2924 391 2987; x_wconf 99' lang='grc'><strong>1,</strong></span> <span class='ocrx_word' id='word_1_189' title='bbox 408 2924 448 2987; x_wconf 91' lang='grc'><strong>11,</strong></span> <span class='ocrx_word' id='word_1_190' title='bbox 464 2925 503 2988; x_wconf 81' lang='lat'><strong>37)</strong></span> <span class='ocrx_word' id='word_1_191' title='bbox 525 2921 584 2976; x_wconf 74' lang='lat' dir='ltr'><strong>offis</strong></span> <span class='ocrx_word' id='word_1_192' title='bbox 600 2924 693 2977; x_wconf 88' lang='lat' dir='ltr'><strong>ABH</strong></span> <span class='ocrx_word' id='word_1_193' title='bbox 819 2924 975 2994; x_wconf 64' lang='grc'><strong>1111151151)</strong></span> <span class='ocrx_word' id='word_1_194' title='bbox 993 2943 1047 2996; x_wconf 93' lang='lat' dir='ltr'><strong>quo</strong></span> <span class='ocrx_word' id='word_1_195' title='bbox 1066 2946 1125 2980; x_wconf 85' lang='lat' dir='ltr'><strong>eam</strong></span> <span class='ocrx_word' id='word_1_196' title='bbox 1145 2928 1257 2983; x_wconf 80' lang='lat' dir='ltr'><em>Halmio</em></span> 
     </span>
     <span class='ocr_line' id='line_1_23' title="bbox 222 3008 1256 3081; baseline 0.007 -21"><span class='ocrx_word' id='word_1_197' title='bbox 222 3008 365 3073; x_wconf 66' lang='lat' dir='ltr'><strong>Baiurae,</strong></span> <span class='ocrx_word' id='word_1_198' title='bbox 386 3008 432 3062; x_wconf 83' lang='lat' dir='ltr'><strong>eed</strong></span> <span class='ocrx_word' id='word_1_199' title='bbox 450 3009 480 3061; x_wconf 75' lang='lat' dir='ltr'><strong>in</strong></span> <span class='ocrx_word' id='word_1_200' title='bbox 497 3011 547 3062; x_wconf 85' lang='lat' dir='ltr'><strong>bae</strong></span> <span class='ocrx_word' id='word_1_201' title='bbox 563 3009 741 3064; x_wconf 82' lang='lat' dir='ltr'><strong>membrorum</strong></span> <span class='ocrx_word' id='word_1_202' title='bbox 759 3009 948 3080; x_wconf 74' lang='lat' dir='ltr'><strong>aequabilitate</strong></span> <span class='ocrx_word' id='word_1_203' title='bbox 960 3012 1100 3080; x_wconf 75' lang='lat' dir='ltr'><strong>partieusa</strong></span> <span class='ocrx_word' id='word_1_204' title='bbox 1118 3031 1184 3081; x_wconf 82' lang='lat' dir='ltr'><strong>epae</strong></span> <span class='ocrx_word' id='word_1_205' title='bbox 1202 3032 1256 3067; x_wconf 81' lang='lat' dir='ltr'><strong>aaa</strong></span> 
     </span>
     <span class='ocr_line' id='line_1_24' title="bbox 220 3093 1254 3166; baseline 0.007 -21"><span class='ocrx_word' id='word_1_206' title='bbox 220 3098 294 3153; x_wconf 61' lang='lat' dir='ltr'><strong>erat·</strong></span> <span class='ocrx_word' id='word_1_207' title='bbox 314 3095 351 3162; x_wconf 87' lang='lat' dir='ltr'><strong>ef.</strong></span> <span class='ocrx_word' id='word_1_208' title='bbox 369 3094 448 3148; x_wconf 85' lang='lat' dir='ltr'><strong>Taee.</strong></span> <span class='ocrx_word' id='word_1_209' title='bbox 464 3096 493 3159; x_wconf 89' lang='lat'><strong>1,</strong></span> <span class='ocrx_word' id='word_1_210' title='bbox 515 3097 561 3159; x_wconf 85' lang='lat'><strong>35,</strong></span> <span class='ocrx_word' id='word_1_211' title='bbox 582 3097 614 3146; x_wconf 79' lang='lat'><strong>85</strong></span> <span class='ocrx_word' id='word_1_212' title='bbox 634 3094 670 3148; x_wconf 85' lang='lat' dir='ltr'><strong>sit</strong></span> <span class='ocrx_word' id='word_1_213' title='bbox 688 3093 774 3164; x_wconf 83' lang='lat' dir='ltr'><strong>igitur</strong></span> <span class='ocrx_word' id='word_1_214' title='bbox 792 3094 893 3166; x_wconf 77' lang='lat' dir='ltr'><strong>aliquis</strong></span> <span class='ocrx_word' id='word_1_215' title='bbox 911 3095 958 3166; x_wconf 89' lang='lat' dir='ltr'><strong>qni</strong></span> <span class='ocrx_word' id='word_1_216' title='bbox 976 3096 1047 3151; x_wconf 89' lang='lat' dir='ltr'><strong>nihil</strong></span> <span class='ocrx_word' id='word_1_217' title='bbox 1063 3096 1129 3151; x_wconf 84' lang='lat' dir='ltr'><strong>mali</strong></span> <span class='ocrx_word' id='word_1_218' title='bbox 1145 3099 1254 3162; x_wconf 82' lang='lat' dir='ltr'><strong>hebeat,</strong></span> 
     </span>
     <span class='ocr_line' id='line_1_25' title="bbox 220 3176 1257 3251; baseline 0.005 -19"><span class='ocrx_word' id='word_1_219' title='bbox 220 3176 327 3232; x_wconf 91' lang='lat' dir='ltr'><strong>nullum</strong></span> <span class='ocrx_word' id='word_1_220' title='bbox 348 3197 365 3232; x_wconf 83' lang='lat' dir='ltr'><strong>a</strong></span> <span class='ocrx_word' id='word_1_221' title='bbox 386 3179 498 3233; x_wconf 85' lang='lat' dir='ltr'><strong>sortuna</strong></span> <span class='ocrx_word' id='word_1_222' title='bbox 521 3178 624 3234; x_wconf 79' lang='lat' dir='ltr'><strong>uulnus</strong></span> <span class='ocrx_word' id='word_1_223' title='bbox 646 3180 795 3251; x_wconf 75' lang='lat' dir='ltr'><strong>acceperit3</strong></span> <span class='ocrx_word' id='word_1_224' title='bbox 822 3181 935 3247; x_wconf 70' lang='grc'><strong>151115,</strong></span> <span class='ocrx_word' id='word_1_225' title='bbox 956 3185 1001 3247; x_wconf 78' lang='lat'><strong>21,</strong></span> <span class='ocrx_word' id='word_1_226' title='bbox 1023 3185 1055 3236; x_wconf 87' lang='grc'><strong>62</strong></span> <span class='ocrx_word' id='word_1_227' title='bbox 1082 3183 1107 3236; x_wconf 88' lang='lat' dir='ltr'><strong>ei</strong></span> <span class='ocrx_word' id='word_1_228' title='bbox 1131 3201 1166 3237; x_wconf 91' lang='lat' dir='ltr'><strong>ne</strong></span> <span class='ocrx_word' id='word_1_229' title='bbox 1187 3183 1257 3237; x_wconf 89' lang='lat' dir='ltr'><strong>inte-</strong></span> 
     </span>
     <span class='ocr_line' id='line_1_26' title="bbox 220 3263 1257 3338; baseline 0.008 -22"><span class='ocrx_word' id='word_1_230' title='bbox 220 3281 300 3334; x_wconf 81' lang='lat' dir='ltr'><strong>grum</strong></span> <span class='ocrx_word' id='word_1_231' title='bbox 318 3263 430 3334; x_wconf 86' lang='lat' dir='ltr'><strong>quidem</strong></span> <span class='ocrx_word' id='word_1_232' title='bbox 454 3271 524 3330; x_wconf 86' lang='lat' dir='ltr'><strong>erat,</strong></span> <span class='ocrx_word' id='word_1_233' title='bbox 549 3272 581 3318; x_wconf 82' lang='lat' dir='ltr'><strong>ut</strong></span> <span class='ocrx_word' id='word_1_234' title='bbox 604 3265 640 3319; x_wconf 84' lang='lat' dir='ltr'><strong>ad</strong></span> <span class='ocrx_word' id='word_1_235' title='bbox 663 3265 798 3320; x_wconf 78' lang='lat' dir='ltr'><strong>iustitiam</strong></span> <span class='ocrx_word' id='word_1_236' title='bbox 819 3267 994 3338; x_wconf 83' lang='lat' dir='ltr'><strong>remigraret,</strong></span> <span class='ocrx_word' id='word_1_237' title='bbox 1015 3267 1124 3323; x_wconf 81' lang='lat' dir='ltr'><strong>eiuibue</strong></span> <span class='ocrx_word' id='word_1_238' title='bbox 1144 3268 1257 3324; x_wconf 81' lang='lat' dir='ltr'><strong>liberta-</strong></span> 
     </span>
     <span class='ocr_line' id='line_1_27' title="bbox 219 3349 1256 3420; baseline 0.005 -16"><span class='ocrx_word' id='word_1_239' title='bbox 219 3357 276 3404; x_wconf 91' lang='lat' dir='ltr'><strong>tem</strong></span> <span class='ocrx_word' id='word_1_240' title='bbox 294 3357 322 3404; x_wconf 87' lang='lat' dir='ltr'><strong>et</strong></span> <span class='ocrx_word' id='word_1_241' title='bbox 338 3350 400 3404; x_wconf 82' lang='lat' dir='ltr'><strong>iure</strong></span> <span class='ocrx_word' id='word_1_242' title='bbox 417 3349 564 3416; x_wconf 76' lang='lat' dir='ltr'><strong>redderet]</strong></span> <span class='ocrx_word' id='word_1_243' title='bbox 663 3356 678 3405; x_wconf 83' lang='lat'>9</span> <span class='ocrx_word' id='word_1_244' title='bbox 698 3370 857 3406; x_wconf 85' lang='lat' dir='ltr'><strong>iuuaremur</strong></span> <span class='ocrx_word' id='word_1_245' title='bbox 876 3357 912 3419; x_wconf 89' lang='lat' dir='ltr'><strong>(iu</strong></span> <span class='ocrx_word' id='word_1_246' title='bbox 929 3354 958 3407; x_wconf 81' lang='lat' dir='ltr'><strong>ia</strong></span> <span class='ocrx_word' id='word_1_247' title='bbox 975 3358 1079 3420; x_wconf 75' lang='lat' dir='ltr'><strong>rasura)</strong></span> <span class='ocrx_word' id='word_1_248' title='bbox 1099 3357 1127 3408; x_wconf 87' lang='lat' dir='ltr'><em>A</em></span> <span class='ocrx_word' id='word_1_249' title='bbox 1216 3374 1256 3409; x_wconf 89' lang='lat' dir='ltr'><strong>in·</strong></span> 
     </span>
     <span class='ocr_line' id='line_1_28' title="bbox 220 3435 1256 3508; baseline 0.007 -20"><span class='ocrx_word' id='word_1_250' title='bbox 220 3453 311 3505; x_wconf 76' lang='lat' dir='ltr'><strong>unani</strong></span> <span class='ocrx_word' id='word_1_251' title='bbox 325 3437 361 3489; x_wconf 93' lang='lat' dir='ltr'><em>H</em></span> <span class='ocrx_word' id='word_1_252' title='bbox 458 3435 533 3490; x_wconf 83' lang='lat' dir='ltr'><strong>boni&#39;i</strong></span> <span class='ocrx_word' id='word_1_253' title='bbox 544 3467 579 3475; x_wconf 97' lang='lat'>—</span> <span class='ocrx_word' id='word_1_254' title='bbox 593 3440 623 3490; x_wconf 84' lang='lat'><strong>10</strong></span> <span class='ocrx_word' id='word_1_255' title='bbox 636 3456 747 3508; x_wconf 81' lang='lat' dir='ltr'><strong>putarit</strong></span> <span class='ocrx_word' id='word_1_256' title='bbox 764 3439 793 3490; x_wconf 76' lang='lat' dir='ltr'><strong>in</strong></span> <span class='ocrx_word' id='word_1_257' title='bbox 812 3443 884 3491; x_wconf 75' lang='lat' dir='ltr'><strong>texta</strong></span> <span class='ocrx_word' id='word_1_258' title='bbox 902 3440 1001 3494; x_wconf 76' lang='lat' dir='ltr'><strong>omieea</strong></span> <span class='ocrx_word' id='word_1_259' title='bbox 1018 3441 1109 3494; x_wconf 81' lang='lat' dir='ltr'><strong>eadem</strong></span> <span class='ocrx_word' id='word_1_260' title='bbox 1126 3459 1209 3494; x_wconf 80' lang='lat' dir='ltr'><strong>mana</strong></span> <span class='ocrx_word' id='word_1_261' title='bbox 1227 3442 1256 3496; x_wconf 80' lang='lat' dir='ltr'><strong>in</strong></span> 
     </span>
     <span class='ocr_line' id='line_1_29' title="bbox 221 3522 1146 3592; baseline 0.008 -19"><span class='ocrx_word' id='word_1_262' title='bbox 221 3522 354 3592; x_wconf 79' lang='lat' dir='ltr'><strong>inferiore</strong></span> <span class='ocrx_word' id='word_1_263' title='bbox 371 3523 493 3592; x_wconf 72' lang='lat' dir='ltr'><strong>marqine</strong></span> <span class='ocrx_word' id='word_1_264' title='bbox 505 3522 600 3592; x_wconf 76' lang='lat' dir='ltr'><strong>perita</strong></span> <span class='ocrx_word' id='word_1_265' title='bbox 619 3526 647 3578; x_wconf 93' lang='lat' dir='ltr'><em>B</em></span> <span class='ocrx_word' id='word_1_266' title='bbox 758 3523 861 3577; x_wconf 91' lang='lat' dir='ltr'><strong>bonum</strong></span> <span class='ocrx_word' id='word_1_267' title='bbox 880 3522 946 3578; x_wconf 86' lang='lat' dir='ltr'>ess&amp;</span> <span class='ocrx_word' id='word_1_268' title='bbox 965 3544 1026 3579; x_wconf 87' lang='lat' dir='ltr'><strong>eerr</strong></span> <span class='ocrx_word' id='word_1_269' title='bbox 1044 3524 1100 3580; x_wconf 89' lang='lat' dir='ltr'>esse</span> <span class='ocrx_word' id='word_1_270' title='bbox 1118 3529 1146 3579; x_wconf 89' lang='lat' dir='ltr'><em>A</em></span> 
     </span>
    </p>

    <p class='ocr_par' dir='ltr' id='par_1_15' title="bbox 220 3606 1259 4197">
     <span class='ocr_line' id='line_1_30' title="bbox 223 3606 1259 3682; baseline 0.011 -25"><span class='ocrx_word' id='word_1_271' title='bbox 223 3608 255 3659; x_wconf 85' lang='lat'><strong>10</strong></span> <span class='ocrx_word' id='word_1_272' title='bbox 272 3606 344 3661; x_wconf 91' lang='lat' dir='ltr'><strong>nihil</strong></span> <span class='ocrx_word' id='word_1_273' title='bbox 359 3625 419 3660; x_wconf 81' lang='lat' dir='ltr'><strong>esee</strong></span> <span class='ocrx_word' id='word_1_274' title='bbox 431 3609 530 3661; x_wconf 77' lang='lat' dir='ltr'><strong>addidi</strong></span> <span class='ocrx_word' id='word_1_275' title='bbox 539 3608 609 3662; x_wconf 90' lang='lat' dir='ltr'><strong>nihil</strong></span> <span class='ocrx_word' id='word_1_276' title='bbox 620 3609 727 3680; x_wconf 85' lang='lat' dir='ltr'><strong>putarit</strong></span> <span class='ocrx_word' id='word_1_277' title='bbox 743 3609 879 3662; x_wconf 74' lang='lat' dir='ltr'><strong>Turnebus</strong></span> <span class='ocrx_word' id='word_1_278' title='bbox 890 3611 1009 3682; x_wconf 64' lang='lat' dir='ltr'><strong>{deinque</strong></span> <span class='ocrx_word' id='word_1_279' title='bbox 1021 3613 1186 3677; x_wconf 80' lang='lat' dir='ltr'><strong>Lambe‘aae;</strong></span> <span class='ocrx_word' id='word_1_280' title='bbox 1200 3615 1259 3680; x_wconf 75' lang='lat' dir='ltr'><strong>[alii</strong></span> 
     </span>
     <span class='ocr_line' id='line_1_31' title="bbox 221 3692 1257 3768; baseline 0.01 -24"><span class='ocrx_word' id='word_1_281' title='bbox 221 3692 292 3746; x_wconf 92' lang='lat' dir='ltr'><strong>nihil</strong></span> <span class='ocrx_word' id='word_1_282' title='bbox 304 3692 368 3757; x_wconf 84' lang='lat' dir='ltr'><strong>nisi,</strong></span> <span class='ocrx_word' id='word_1_283' title='bbox 383 3695 454 3764; x_wconf 83' lang='lat' dir='ltr'><strong>qaod</strong></span> <span class='ocrx_word' id='word_1_284' title='bbox 467 3712 537 3748; x_wconf 80' lang='lat' dir='ltr'><strong>nane</strong></span> <span class='ocrx_word' id='word_1_285' title='bbox 546 3695 681 3766; x_wconf 68' lang='lat' dir='ltr'><strong>plerisque</strong></span> <span class='ocrx_word' id='word_1_286' title='bbox 690 3697 793 3765; x_wconf 79' lang='lat' dir='ltr'><strong>plaees;</strong></span> <span class='ocrx_word' id='word_1_287' title='bbox 807 3696 854 3748; x_wconf 76' lang='lat' dir='ltr'><strong>sed</strong></span> <span class='ocrx_word' id='word_1_288' title='bbox 866 3698 937 3767; x_wconf 83' lang='lat' dir='ltr'><strong>qaod</strong></span> <span class='ocrx_word' id='word_1_289' title='bbox 948 3716 964 3750; x_wconf 86' lang='lat' dir='ltr'><strong>a</strong></span> <span class='ocrx_word' id='word_1_290' title='bbox 976 3716 1017 3752; x_wconf 88' lang='lat' dir='ltr'><strong>me</strong></span> <span class='ocrx_word' id='word_1_291' title='bbox 1024 3699 1145 3768; x_wconf 75' lang='lat' dir='ltr'><strong>positum</strong></span> <span class='ocrx_word' id='word_1_292' title='bbox 1158 3705 1196 3753; x_wconf 78' lang='lat' dir='ltr'><strong>eet</strong></span> <span class='ocrx_word' id='word_1_293' title='bbox 1208 3701 1257 3754; x_wconf 83' lang='lat' dir='ltr'><strong>ad-</strong></span> 
     </span>
     <span class='ocr_line' id='line_1_32' title="bbox 222 3779 1256 3854; baseline 0.007 -22"><span class='ocrx_word' id='word_1_294' title='bbox 222 3780 274 3832; x_wconf 83' lang='lat' dir='ltr'><strong>bae</strong></span> <span class='ocrx_word' id='word_1_295' title='bbox 285 3779 355 3832; x_wconf 79' lang='lat' dir='ltr'><strong>mibi</strong></span> <span class='ocrx_word' id='word_1_296' title='bbox 362 3781 511 3849; x_wconf 79' lang='lat' dir='ltr'><strong>pereaadeo</strong></span> <span class='ocrx_word' id='word_1_297' title='bbox 524 3785 579 3833; x_wconf 81' lang='lat' dir='ltr'><strong>tam</strong></span> <span class='ocrx_word' id='word_1_298' title='bbox 583 3781 724 3851; x_wconf 77' lang='lat' dir='ltr'><strong>facilitate</strong></span> <span class='ocrx_word' id='word_1_299' title='bbox 737 3782 838 3836; x_wconf 71' lang='lat' dir='ltr'><strong>erroris</strong></span> <span class='ocrx_word' id='word_1_300' title='bbox 852 3785 897 3853; x_wconf 83' lang='lat' dir='ltr'><strong>(es.</strong></span> <span class='ocrx_word' id='word_1_301' title='bbox 905 3801 936 3852; x_wconf 85' lang='lat' dir='ltr'><strong>p.</strong></span> <span class='ocrx_word' id='word_1_302' title='bbox 947 3787 989 3848; x_wconf 82' lang='lat'><strong>60,</strong></span> <span class='ocrx_word' id='word_1_303' title='bbox 999 3786 1037 3852; x_wconf 83' lang='grc'><strong>15)</strong></span> <span class='ocrx_word' id='word_1_304' title='bbox 1051 3803 1130 3854; x_wconf 82' lang='lat' dir='ltr'><strong>qaam</strong></span> <span class='ocrx_word' id='word_1_305' title='bbox 1142 3790 1256 3840; x_wconf 77' lang='lat' dir='ltr'><strong>aenueta</strong></span> 
     </span>
     <span class='ocr_line' id='line_1_33' title="bbox 220 3865 1256 3940; baseline 0.007 -22"><span class='ocrx_word' id='word_1_306' title='bbox 220 3865 409 3935; x_wconf 74' lang='lat' dir='ltr'><strong>aequabilitate</strong></span> <span class='ocrx_word' id='word_1_307' title='bbox 421 3866 554 3920; x_wconf 71' lang='lat' dir='ltr'><strong>orationis</strong></span> <span class='ocrx_word' id='word_1_308' title='bbox 561 3873 711 3938; x_wconf 73' lang='lat' dir='ltr'><strong>praestare,</strong></span> <span class='ocrx_word' id='word_1_309' title='bbox 722 3867 800 3936; x_wconf 77' lang='lat' dir='ltr'><strong>idque</strong></span> <span class='ocrx_word' id='word_1_310' title='bbox 812 3869 904 3921; x_wconf 70' lang='lat' dir='ltr'><strong>aealtie</strong></span> <span class='ocrx_word' id='word_1_311' title='bbox 916 3870 1043 3939; x_wconf 70' lang='lat' dir='ltr'><strong>exemplis</strong></span> <span class='ocrx_word' id='word_1_312' title='bbox 1053 3870 1115 3936; x_wconf 77' lang='lat' dir='ltr'><strong>(nini</strong></span> <span class='ocrx_word' id='word_1_313' title='bbox 1124 3869 1199 3940; x_wconf 88' lang='lat' dir='ltr'><strong>quoil</strong></span> <span class='ocrx_word' id='word_1_314' title='bbox 1207 3872 1256 3925; x_wconf 91' lang='lat' dir='ltr'><strong>ho·</strong></span> 
     </span>
     <span class='ocr_line' id='line_1_34' title="bbox 220 3950 1256 4025; baseline 0.006 -21"><span class='ocrx_word' id='word_1_315' title='bbox 220 3958 330 4005; x_wconf 82' lang='lat' dir='ltr'><strong>nestum</strong></span> <span class='ocrx_word' id='word_1_316' title='bbox 342 3957 392 4016; x_wconf 83' lang='lat' dir='ltr'><strong>eet,</strong></span> <span class='ocrx_word' id='word_1_317' title='bbox 404 3950 511 4005; x_wconf 89' lang='lat' dir='ltr'><strong>nullum</strong></span> <span class='ocrx_word' id='word_1_318' title='bbox 524 3959 566 4006; x_wconf 80' lang='lat' dir='ltr'><strong>eet</strong></span> <span class='ocrx_word' id='word_1_319' title='bbox 578 3951 655 4006; x_wconf 83' lang='lat' dir='ltr'><strong>aliud</strong></span> <span class='ocrx_word' id='word_1_320' title='bbox 666 3953 769 4007; x_wconf 91' lang='lat' dir='ltr'><strong>bonum</strong></span> <span class='ocrx_word' id='word_1_321' title='bbox 782 3955 874 4025; x_wconf 80' lang='lat' dir='ltr'><strong>defin.</strong></span> <span class='ocrx_word' id='word_1_322' title='bbox 888 3957 912 4018; x_wconf 88' lang='lat'><strong>5,</strong></span> <span class='ocrx_word' id='word_1_323' title='bbox 925 3957 967 4019; x_wconf 71' lang='lat' dir='ltr'><strong>ii,</strong></span> <span class='ocrx_word' id='word_1_324' title='bbox 981 3959 1025 4020; x_wconf 72' lang='lat'><strong>793</strong></span> <span class='ocrx_word' id='word_1_325' title='bbox 1040 3955 1095 4010; x_wconf 84' lang='lat' dir='ltr'><strong>nisi</strong></span> <span class='ocrx_word' id='word_1_326' title='bbox 1110 3955 1256 4010; x_wconf 86' lang='lat' dir='ltr'><strong>honestum</strong></span> 
     </span>
     <span class='ocr_line' id='line_1_35' title="bbox 220 4036 1255 4111; baseline 0.006 -22"><span class='ocrx_word' id='word_1_327' title='bbox 220 4036 295 4106; x_wconf 86' lang='lat' dir='ltr'><strong>qnod</strong></span> <span class='ocrx_word' id='word_1_328' title='bbox 308 4037 353 4102; x_wconf 83' lang='lat' dir='ltr'><strong>sit,</strong></span> <span class='ocrx_word' id='word_1_329' title='bbox 367 4036 438 4090; x_wconf 90' lang='lat' dir='ltr'><strong>nihil</strong></span> <span class='ocrx_word' id='word_1_330' title='bbox 450 4036 527 4091; x_wconf 85' lang='lat' dir='ltr'><strong>eliud</strong></span> <span class='ocrx_word' id='word_1_331' title='bbox 540 4038 577 4093; x_wconf 84' lang='lat' dir='ltr'><strong>sit</strong></span> <span class='ocrx_word' id='word_1_332' title='bbox 586 4039 690 4093; x_wconf 89' lang='lat' dir='ltr'><strong>bonnm</strong></span> <span class='ocrx_word' id='word_1_333' title='bbox 705 4039 784 4093; x_wconf 81' lang='lat' dir='ltr'><strong>Taee.</strong></span> <span class='ocrx_word' id='word_1_334' title='bbox 799 4042 823 4104; x_wconf 89' lang='grc'><strong>5,</strong></span> <span class='ocrx_word' id='word_1_335' title='bbox 837 4043 861 4104; x_wconf 83' lang='lat' dir='ltr'><strong>i,</strong></span> <span class='ocrx_word' id='word_1_336' title='bbox 878 4041 922 4105; x_wconf 87' lang='grc'><strong>18;</strong></span> <span class='ocrx_word' id='word_1_337' title='bbox 939 4047 1075 4096; x_wconf 88' lang='lat' dir='ltr'><strong>oratorem</strong></span> <span class='ocrx_word' id='word_1_338' title='bbox 1086 4041 1141 4096; x_wconf 80' lang='lat' dir='ltr'><strong>nisi</strong></span> <span class='ocrx_word' id='word_1_339' title='bbox 1153 4041 1201 4111; x_wconf 87' lang='lat' dir='ltr'><strong>qui</strong></span> <span class='ocrx_word' id='word_1_340' title='bbox 1214 4059 1255 4095; x_wconf 82' lang='lat' dir='ltr'><strong>se-</strong></span> 
     </span>
     <span class='ocr_line' id='line_1_36' title="bbox 220 4121 1253 4197; baseline 0.005 -22"><span class='ocrx_word' id='word_1_341' title='bbox 220 4121 300 4193; x_wconf 85' lang='lat' dir='ltr'><strong>piens</strong></span> <span class='ocrx_word' id='word_1_342' title='bbox 319 4129 400 4188; x_wconf 80' lang='lat' dir='ltr'><strong>easet,</strong></span> <span class='ocrx_word' id='word_1_343' title='bbox 416 4140 476 4177; x_wconf 83' lang='lat' dir='ltr'><strong>esse</strong></span> <span class='ocrx_word' id='word_1_344' title='bbox 488 4123 623 4177; x_wconf 90' lang='lat' dir='ltr'><strong>neminem</strong></span> <span class='ocrx_word' id='word_1_345' title='bbox 636 4126 668 4178; x_wconf 83' lang='lat' dir='ltr'><strong>cle</strong></span> <span class='ocrx_word' id='word_1_346' title='bbox 680 4143 719 4178; x_wconf 87' lang='lat' dir='ltr'><strong>er.</strong></span> <span class='ocrx_word' id='word_1_347' title='bbox 735 4127 758 4189; x_wconf 92' lang='lat' dir='ltr'><strong>l,</strong></span> <span class='ocrx_word' id='word_1_348' title='bbox 775 4127 815 4190; x_wconf 87' lang='grc'><strong>18,</strong></span> <span class='ocrx_word' id='word_1_349' title='bbox 831 4127 876 4189; x_wconf 87' lang='grc'><strong>83;</strong></span> <span class='ocrx_word' id='word_1_350' title='bbox 897 4126 953 4180; x_wconf 83' lang='lat' dir='ltr'><strong>nisi</strong></span> <span class='ocrx_word' id='word_1_351' title='bbox 965 4126 1013 4197; x_wconf 92' lang='lat' dir='ltr'><strong>qui</strong></span> <span class='ocrx_word' id='word_1_352' title='bbox 1026 4127 1112 4182; x_wconf 81' lang='lat' dir='ltr'><strong>itaeit</strong></span> <span class='ocrx_word' id='word_1_353' title='bbox 1129 4128 1253 4190; x_wconf 81' lang='lat' dir='ltr'><strong>effeetus,</strong></span> 
     </span>
    </p>
   </div>
   <div class='ocr_carea' id='block_1_10' title="bbox 221 4203 1254 4300">
    <p class='ocr_par' dir='ltr' id='par_1_16' title="bbox 221 4203 1254 4300">
     <span class='ocr_line' id='line_1_37' title="bbox 221 4203 1254 4300; baseline 0.006 -22"><span class='ocrx_word' id='word_1_354' title='bbox 221 4243 281 4279; x_wconf 82' lang='lat' dir='ltr'><strong>ease</strong></span> <span class='ocrx_word' id='word_1_355' title='bbox 297 4224 418 4280; x_wconf 88' lang='lat' dir='ltr'><strong>liberum</strong></span> <span class='ocrx_word' id='word_1_356' title='bbox 433 4226 569 4281; x_wconf 85' lang='lat' dir='ltr'><strong>neminem</strong></span> <span class='ocrx_word' id='word_1_357' title='bbox 586 4227 686 4282; x_wconf 84' lang='lat' dir='ltr'><strong>Parad.</strong></span> <span class='ocrx_word' id='word_1_358' title='bbox 700 4231 724 4293; x_wconf 87' lang='lat'><strong>5,</strong></span> <span class='ocrx_word' id='word_1_359' title='bbox 740 4230 779 4288; x_wconf 77' lang='lat'><strong>35&gt;</strong></span> <span class='ocrx_word' id='word_1_360' title='bbox 803 4229 987 4298; x_wconf 75' lang='lat' dir='ltr'><strong>consternatur]</strong></span> <span class='ocrx_word' id='word_1_361' title='bbox 1116 4203 1254 4300; x_wconf 71' lang='lat' dir='ltr'><strong>putan&#39;A</strong></span> 
     </span>
    </p>
   </div>
   <div class='ocr_carea' id='block_1_11' title="bbox 0 0 1634 4968">
    <p class='ocr_par' dir='ltr' id='par_1_17' title="bbox 0 0 1634 4968">
     <span class='ocr_line' id='line_1_38' title="bbox 0 0 1634 4968; baseline 0 1"><span class='ocrx_word' id='word_1_362' title='bbox 0 0 1634 4968; x_wconf 95' lang='lat' dir='ltr'><strong> </strong></span> 
     </span>
    </p>
   </div>
  </div>
 </body>
</html>
