3260 4968
676 440 699 480 11
719 429 759 492 15,
776 429 807 479 38
1200 431 1259 491 119

225 602 323 666 bitur.
352 601 517 665 adsentior
539 601 627 664 enirn
649 600 781 664 Platoni
803 599 889 662 nihil
911 610 979 663 tam
1001 599 1099 663 facile
1125 599 1161 663 in
1189 601 1261 663 eni-

226 726 296 768 mos
318 714 447 768 teneros
469 713 567 786 atque
590 704 705 768 molles
726 703 866 766 influere
883 725 982 787 quam
996 703 1104 767 uarios
1120 704 1261 767 canendi

227 829 330 887 sonos,
356 828 496 891 quorum
519 806 584 869 dici
606 806 665 872 uix
687 817 794 890 potest
816 817 939 890 quanta
961 807 1003 869 sit
1017 805 1069 869 uis
1083 806 1120 869 in
1135 817 1261 870 utrem-

227 934 291 995 que
316 919 457 995 partem:
486 931 629 993 namque
656 921 690 974 et
710 909 828 973 incitet
849 911 1044 994 languentes
1067 919 1100 973 et
1121 910 1260 995 langue-

224 1014 305 1077 facit
327 1013 484 1078 excitator
507 1023 540 1077 et
562 1024 634 1077 tum
656 1013 794 1077 remittit
822 1012 956 1090 animos,
984 1023 1058 1075 turn
1085 1014 1290 1077 contrahit⁵

226 1117 465 1200 ciuitatumque
487 1117 550 1180 hoc
573 1117 753 1180 multarum
774 1116 811 1179 in
827 1115 967 1182 Graecia
988 1116 1148 1195 interfuit,
1173 1116 1260 1180 anti-

226 1241 326 1304 quom
351 1241 474 1283 uocum
496 1241 690 1283 conseruere
712 1219 862 1298 modum;
887 1240 1027 1302 quarum
1048 1241 1154 1283 mores
1176 1220 1260 1303 lapsi

225 1323 267 1385 ad
289 1321 454 1388 mollitiam
476 1321 611 1386 mollitis
633 1322 756 1406 pariter
778 1332 855 1386 sunt
876 1322 1033 1387 inmuteti
1055 1345 1132 1386 cum
1155 1322 1260 1386 centi-

225 1545 329 1608 roeure)
349 1545 378 1597 Β
481 1547 493 1596 1
514 1543 591 1598 feerh
609 1543 662 1610 (rie)
682 1545 893 1616 superscriptum
911 1547 939 1599 A
958 1510 1019 1600 fecio
1033 1546 1070 1599 H
1168 1547 1183 1598 2
1202 1563 1260 1600 *te-

224 1628 346 1701 nerlros
362 1631 385 1694 (e
402 1631 431 1683 in
440 1632 503 1700 fine
519 1648 612 1705 ueremi
629 1633 697 1696 corr)
713 1633 740 1684 A
753 1629 884 1685 temeres
894 1649 955 1685 corr
966 1632 995 1684 in
1006 1630 1121 1685 teneros
1130 1633 1166 1686 H

223 1698 311 1786 moles
327 1733 356 1786 B
447 1699 556 1787 insilere
574 1735 603 1787 A
622 1733 757 1806 influuere
774 1736 811 1788 H
894 1735 1001 1788 Nonius
1013 1753 1045 1805 p.
1058 1736 1118 1800 347,
1134 1737 1150 1787 9
1166 1734 1257 1801 molle,

225 1816 313 1883 dulce,
333 1818 485 1873 iucundum
501 1859 508 1874 .
522 1859 547 1876 ..
564 1819 603 1872 M.
616 1818 724 1874 Tullius
742 1819 776 1873 de
794 1819 916 1889 Legibus
934 1819 981 1874 lib.
1000 1834 1023 1873 11
1037 1817 1079 1873 ‘in
1098 1821 1203 1875 animos
1220 1828 1260 1875 te·

223 1921 305 1958 neros
323 1912 407 1975 etque
424 1903 515 1959 mollis
533 1905 661 1971 influere,
682 1922 766 1974 quem
782 1905 876 1960 uarios
894 1906 1010 1960 canendi
1029 1904 1153 1962 somnos?

225 2009 240 2059 3
265 1981 304 2086 dir
323 2010 391 2063 AH
484 2006 537 2062 urii
555 2015 667 2078 nurrt‘rq3
687 2027 748 2062 corr
765 2007 825 2062 urs*
840 2016 964 2080 Jnurreq3
984 2010 1013 2062 Β
1112 2009 1260 2080 tlnngue·

223 2113 294 2166 facit
307 2110 327 2174 (l
340 2114 408 2179 corr)
422 2115 450 2165 A
534 2112 634 2178 [Possis
651 2110 754 2182 langue
771 2112 847 2178 facit,
867 2117 898 2166 ut
915 2112 1068 2167 accuratius
1085 2113 1157 2166 inter
1174 2131 1200 2168 se
1218 2114 1259 2167 in-

224 2197 291 2252 citet
306 2195 471 2267 languentes
489 2204 517 2251 et
532 2197 635 2268 langue
653 2198 721 2253 fecit
739 2199 872 2252 excitatos
884 2200 1079 2268 respondeant:
1094 2200 1140 2254 sed
1151 2218 1198 2254 nec
1209 2201 1259 2253 loe

223 2284 403 2338 necessarium
426 2285 492 2337 duco
515 2302 599 2354 neque
619 2286 744 2338 senecam
762 2285 886 2354 Hauplt'o
911 2285 1043 2338 assentior
1062 2287 1143 2356 [Opp.
1158 2289 1183 2351 3,
1199 2288 1257 2351 357)

224 2387 274 2424 uos
293 2369 391 2423 domus
408 2370 529 2424 formosa
546 2369 705 2433 insolentes,
726 2388 778 2424 uos
796 2388 862 2440 opes
881 2370 998 2441 obstupe
1010 2370 1117 2424 faciunt
1133 2373 1259 2426 maluere

223 2475 304 2528 quam
327 2455 565 2527 obstupefeciunt,
590 2476 622 2510 ex
644 2457 787 2527 composito
810 2455 924 2510 etfacit
944 2458 980 2510 ed
997 2456 1148 2512 insolentes
1166 2460 1258 2513 trahe-

223 2549 307 2607 retur,
334 2543 407 2596 νεῖαι
429 2543 587 2615 Propertius
605 2545 735 2608 2,13,37
753 2560 803 2596 nec
821 2542 912 2597 minus
933 2543 1001 2597 hsec
1022 2544 1112 2598 nostri
1134 2551 1259 2599 notescet

224 2627 296 2682 ferne
315 2627 434 2699 sepulcri
451 2628 543 2688 Quam
555 2629 666 2683 fuerant
677 2628 772 2682 Phthii
789 2629 872 2684 busta
889 2636 1004 2684 cruente
1020 2630 1076 2684 uiri
1094 2632 1131 2685 ad
1147 2631 1259 2684 fuerent

223 2733 255 2768 er:
272 2721 396 2769 notescet
412 2717 506 2769 audiri
522 2705 588 2770 note
605 2716 706 2769 uoluit:
728 2717 832 2769 similia
849 2734 946 2784 praeca
963 2718 1026 2771 uide
1044 2719 1081 2771 od
1098 2717 1258 2771 Aristotelio

218 2805 289 2869 poet.
304 2804 329 2865 4,
347 2802 412 2853 1448
425 2802 440 2854 b
454 2804 499 2866 37;
522 2803 588 2853 1449
600 2820 617 2856 a
629 2805 653 2855 4.
674 2802 794 2856 Ueterum
812 2802 910 2857 incitet
927 2809 952 2857 et
968 2802 1140 2872 lenguelecit
1152 2805 1189 2857 ad
1200 2803 1258 2856 uim

222 2889 388 2958 reseruntur,
408 2907 463 2941 nore
481 2889 550 2958 quod
572 2889 755 2958 espectauerr'e
777 2889 814 2942 ad
837 2889 954 2943 canendi
972 2907 1067 2954 sonos;
1092 2890 1216 2944 similiter
1234 2894 1258 2942 et

221 2972 377 3026 insolentius
393 2975 519 3043 sortasse
537 2975 626 3043 pet,
644 2977 673 3027 11
700 2974 780 3028 cuius
802 2974 944 3045 praecepti
966 2981 1043 3028 tenta
1067 2975 1111 3028 uis
1131 2982 1158 3028 et
1180 2981 1258 3028 tenta

223 3059 359 3112 sententie
376 3066 468 3113 estut
486 3077 517 3113 ea
530 3063 656 3130 (expectes
668 3060 705 3125 id)
721 3079 776 3113 non
793 3060 899 3114 homini
918 3060 966 3114 sed
984 3060 1121 3131 Delphico
1139 3060 1190 3114 deo
1208 3060 1258 3114 tri·

221 3143 370 3211 haeretur]
468 3149 483 3196 5
503 3144 684 3217 excitaltetos
700 3146 728 3200 B
821 3152 997 3200 triremium
1016 3148 1037 3211 (τ
1054 3147 1084 3200 ic
1100 3152 1136 3199 τῖι
1153 3165 1167 3200 e
1184 3150 1255 3212 corr)

222 3229 281 3281 AB
299 3246 362 3283 eum
379 3246 463 3282 remit
482 3231 534 3297 (eie)
553 3231 723 3286 Hermiones
837 3250 900 3286 rum
918 3237 939 3300 (τ
956 3249 988 3284 er
1006 3237 1028 3299 c]
1046 3233 1082 3286 H
1194 3249 1258 3286 con-

220 3348 291 3384 rrsrt
308 3333 344 3384 H
462 3336 477 3387 6
496 3327 709 3405 c1u11etfilquee
728 3337 756 3390 A
781 3341 928 3390 crciurteu'r
950 3327 1021 3405 quipe
1039 3336 1067 3388 Β
1090 3334 1257 3406 cmitsltum

221 3433 275 3496 que
292 3419 339 3471 sed
355 3433 368 3471 7
386 3419 499 3473 deletum
516 3422 552 3474 H
652 3420 759 3488 multoc
777 3440 837 3476 corr
854 3437 887 3489 ae
904 3423 933 3476 Β
1037 3437 1127 3501 gretie
1146 3423 1175 3474 A
1193 3438 1257 3492 gre-

219 3520 261 3557 ne
279 3503 308 3556 B
326 3520 418 3573 grecia
436 3508 473 3560 H
578 3524 722 3576 unuquom
741 3509 768 3560 A
788 3513 908 3577 enuqur'r
927 3509 955 3562 Β
972 3525 1095 3561 anticum
1112 3510 1149 3561 H

223 3607 371 3660 issuocu
388 3608 417 3661 ie
435 3627 533 3663 rasura
552 3614 581 3663 A
687 3585 919 3664 contemel‘modo
938 3611 998 3678 AB
1017 3608 1157 3675 (conserua
1175 3611 1256 3665 etiam

220 3693 400 3759 Heineianue)
420 3696 579 3749 conseruari
598 3697 715 3760 Baletus,
736 3699 807 3767 quod
819 3716 868 3752 our
879 3696 929 3762 illi,
945 3699 1015 3767 quod
1026 3698 1163 3769 culpetur,
1173 3716 1256 3768 prae·

213 3780 310 3847 serem
327 3797 386 3833 cum
402 3781 517 3835 Halmio
535 3786 560 3835 et
578 3783 701 3847 Baitero,
721 3785 808 3838 neseio
924 3780 994 3854 lopli
1013 3801 1073 3838 corr
1091 3802 1123 3836 ec
1139 3782 1211 3837 lensi
1228 3784 1257 3837 B

358 3884 394 3938 ed
411 3883 580 3955 (mollitiam)
596 3883 711 3939 mollitis
728 3886 829 3957 scripsi
848 3885 884 3940 ed
905 3862 1025 3940 mollitis
1040 3888 1068 3941 B
1090 3861 1125 3956 ei
1142 3885 1258 3940 mollius

219 3970 388 4024 Haterianus
407 3971 443 4024 ed
459 3970 609 4025 molimus*
629 3969 681 4037 (ras
696 3976 763 4039 corr)
777 3975 821 4037 A,·
844 3972 967 4040 [mollitis
986 3975 1015 4027 in
1033 3975 1167 4028 communi
1174 3975 1255 4041 sonte

212 4057 306 4127 fuisse
318 4057 448 4111 rer-orum
460 4058 564 4112 indicia
576 4065 742 4127 eoarpuunt:
764 4061 835 4130 quod
846 4065 876 4114 ut
888 4060 1019 4114 sententia
1031 4060 1180 4113 attendenti
1186 4076 1255 4128 per-

219 4145 313 4197 suadet
330 4161 389 4198 eum
407 4143 534 4198 centibus
553 4145 723 4199 coniunctum
734 4146 836 4216 fuisse,
850 4147 890 4200 ita
901 4147 967 4200 setis
980 4146 1075 4200 leuiter
1086 4150 1207 4198 mutatur
1225 4144 1255 4196 ire

219 4227 350 4284 mollitias
368 4249 429 4284 cum
447 4231 568 4286 codicum
587 4232 787 4296 correctorrhue,
809 4251 867 4286 cum
874 4232 1039 4303 praesertim
1049 4229 1195 4284 mollitiem
1211 4230 1255 4284 oi-
